3252 5056
766 359 975 457 Δ...

284 577 410 644 criticus
448 579 575 662 quidam
608 579 640 643 in
674 577 892 660 Aristophanis
915 577 941 662 ¹)
980 575 1083 642 oodioe
1120 577 1160 642 ad
1194 575 1370 660 marginem
1405 575 1471 640 ad·

284 687 427 770 scripsit:

412 824 505 908 „7⁴me
527 826 561 890 dd
584 824 611 908 γ’
633 823 813 908 ἄντειποομ’
835 823 884 900 ἄν,
907 825 948 900 οἷς
971 828 1019 901 δὶς
1042 826 1155 898 παῖδες
1177 825 1207 889 οἱ
1230 829 1384 907 γέροντες·

412 937 529 1008 uasta
550 959 585 1000 aa
607 935 664 1018 γὰρ
686 935 747 1020 τὴν
768 935 870 1023 ἀρχὴν
893 926 975 1024 ἦσαν
996 935 1218 1022 &oppresserat
1241 939 1298 999 νῦν

350 1079 351 1084 ¹
413 1046 529 1117 Ποῑὸές
553 1045 614 1110 εἰσι
636 1051 681 1130 τῷ
704 1045 868 1131 spiraliter
890 1049 1068 1135 ληροῦντος.

328 1157 379 1220 καὶ
400 1157 571 1241 Σοφοκλῆς
593 1153 628 1220 ἐν
651 1157 762 1244 Πηλεῖ·

416 1266 524 1348 Πηλέα
546 1262 604 1328 τόν
625 1262 771 1329 Αἰάκειον
793 1265 935 1348 οἰκοορός
955 1265 1039 1353 μόνη
1062 1266 1128 1330 κτλ.

329 1376 380 1438 καὶ
403 1371 614 1454 Θεόπομπος·

414 1484 470 1554 Δὶς
492 1484 605 1556 παῖδες
628 1483 658 1547 οἱ
679 1490 824 1569 γέροντες
847 1483 939 1570 ὀρθῷ
960 1491 1005 1572 τῷ
1028 1484 1128 1570 λόγῳ·

330 1594 381 1656 καὶ
404 1590 550 1657 Πλάτων·
573 1581 615 1676 ἆρ’
636 1591 677 1667 ὥς
696 1591 779 1659 ἔοικε
801 1593 847 1666 δὶς
871 1591 983 1675 γένοιτ’
1005 1592 1044 1660 ἄν
1067 1602 1144 1670 παῖς
1168 1597 1276 1678 γέρων.

332 1703 391 1800 καὶΙ
404 1699 570 1784 Ἀντιφῶν·
592 1707 800 1788 Γηροτροφία
822 1705 880 1789 γοίρ
903 1711 1068 1788 προςὲοοκο
1092 1703 1336 1791 παιδοτροφίᾳὲ*

315 1897 316 1909 ,
377 1832 467 1898 Unde
500 1830 635 1898 Cebetas
671 1834 805 1920 colligit,
844 1836 1062 1902 Aristobulum
1097 1836 1182 1899 locos
1215 1831 1349 1907 similes,
1388 1851 1475 1916 quos

291 1939 489 2027 grammatici
512 1942 717 2009 Alexandrini
744 1945 776 2009 in
808 1945 958 2010 librorum
980 1945 1122 2032 margine
1152 1945 1303 2010 adnotare
1335 1959 1475 2006 consue·

291 2053 419 2126 verant,
453 2051 485 2116 in
509 2072 602 2117 suum
626 2053 824 2120 commodum
850 2055 1002 2138 recepisse
1015 2057 1052 2139 ²).
1097 2054 1158 2121 Sed
1181 2050 1322 2137 quamvis
1345 2049 1475 2116 subtilis

292 2161 333 2226 sit
354 2162 432 2226 haec
456 2160 646 2238 coniectura,
670 2182 771 2246 neque
794 2167 902 2230 tamen
921 2166 1065 2230 omnibus
1084 2162 1222 2229 numeris
1242 2160 1317 2228 mihi
1340 2160 1474 2226 arridet.

294 2271 330 2335 ld
353 2271 476 2352 quidem
499 2290 556 2352 pro
579 2274 665 2337 certo
688 2273 847 2338 affirmare
865 2294 1046 2356 possumus,
1075 2275 1271 2340 Clementem
1292 2271 1323 2335 in
1346 2271 1407 2336 isto
1433 2270 1474 2334 de

293 2380 387 2446 furtis
415 2381 672 2448 commentariolo
704 2383 922 2449 Aristobulum
952 2383 1143 2460 adhibuisse3
1176 2383 1328 2448 habemns
1350 2382 1474 2453 autem,

294 2491 377 2573 qnod
409 2490 607 2569 dubitemne,
646 2514 722 2559 num
756 2494 956 2560 Aristobulus
990 2513 1041 2560 eos
1072 2493 1190 2560 similes
1217 2493 1319 2566 locos,
1358 2489 1474 2574 quibus

293 2599 462 2666 litterariae
493 2603 687 2670 Graecorum
721 2604 848 2670 fraudes
878 2601 1027 2671 evincere'
1049 2604 1134 2680 vult,
1167 2602 1232 2685 ipse
1265 2598 1473 2687 congesserit.

294 2711 396 2788 Nam,
427 2712 594 2795 quominus
624 2715 682 2779 hoc
715 2716 837 2780 factum
864 2733 931 2780 esse
961 2715 1142 2791 credamus,
1171 2711 1372 2795 prohibemur
1399 2710 1473 2774 loeo

294 2840 366 2906 pag.
391 2824 481 2888 loa:
506 2827 769 2913 „Metapoocyo'pov
792 2827 850 2910 γᾰρ
873 2823 1076 2914 ἔκλεψεν...
1099 2830 1152 2892 καὶ
1171 2825 1357 2898 Ἑκαταῖος.“
1402 2822 1474 2886 lam

299 2950 394 3012 supra
405 2931 434 3015 ³)
465 2932 651 2998 disserentes
681 2935 718 2998 de
743 2935 1041 3001 Pseudo-Hecataeo
1071 2930 1370 3006 demonstravimus,
1399 2930 1474 2996 Cle-

295 3042 438 3106 mentem
466 3041 508 3105 ibi
539 3061 576 3107 er
600 3042 726 3108 diversis
748 3044 889 3109 fontibus
910 3043 1069 3119 hausisse;
1098 3041 1213 3108 mirum
1242 3041 1412 3116 animost,
1448 3038 1474 3104 si

295 3152 502 3227 Hecataeum,
526 3170 619 3233 quem
637 3153 728 3218 modo
741 3155 927 3219 Iudaeorum
947 3152 1208 3242 studiosissimum
1223 3149 1474 3234 praedicaverat,

297 3260 408 3324 eodem
431 3263 623 3328 stromatum
644 3262 721 3328 libro
754 3266 823 3346 (Vl.
846 3264 932 3347 2.)⁴)
961 3263 1040 3329 furti
1068 3264 1205 3330 accusat.
1250 3262 1386 3328 Nosmet
1413 3258 1474 3344 ipsi

300 3370 384 3436 dubii
414 3371 596 3448 haeremus,
628 3375 781 3455 quomodo
809 3393 876 3438 rem
908 3376 1065 3457 spinosam
1089 3371 1305 3458 expediamus3
1334 3370 1381 3437 ita
1407 3371 1474 3436 fere

370 3579 390 3648 ¹)
408 3579 547 3648 Aristoph.
567 3579 652 3633 nubes
670 3599 696 3634 v.
718 3580 794 3635 1409.

369 3664 389 3734 ⁹)
407 3665 425 3720 l.
441 3666 459 3721 l.
477 3684 538 3736 pag.
552 3667 599 3721 76:
622 3668 731 3737 „Itaque
753 3669 834 3722 simul
851 3670 1051 3724 fraudulentum
1070 3671 1199 3724 Iudaeum
1216 3669 1283 3723 furti
1301 3667 1476 3722 manifestum

296 3757 420 3808 tenemus
446 3757 474 3807 et
497 3759 663 3825 compertum
688 3757 731 3808 est
754 3773 789 3808 ex
814 3755 912 3825 quibus
942 3756 1063 3811 fontibus
1082 3756 1246 3812 Graecorum
1267 3756 1341 3809 locos
1366 3769 1476 3822 conges-

298 3841 378 3896 serit:
409 3859 506 3911 nempe
532 3859 567 3894 ex
592 3841 805 3908 commentariis,
836 3861 904 3912 quos
936 3843 1035 3897 eruditi
1060 3842 1238 3898 Alexandrini
1261 3841 1421 3913 praesertim
1448 3839 1475 3892 in

298 3929 394 3997 poetas
418 3927 528 3997 epicos,'
550 3928 684 3996 trogium,
715 3929 833 3982 comicos
860 3930 1083 4000 conscripserant.
1125 3929 1297 3999 Compertum
1320 3911 1402 3983 simul
1426 3930 1476 3993 est,

300 4031 381 4082 quam
397 4017 499 4068 temere
512 4015 587 4069 locos
605 4015 716 4081 similes,
736 4033 804 4084 quos
822 4016 862 4070 illi
874 4017 952 4070 docte
971 4017 1126 4083 attulerant,
1145 4018 1176 4070 ut
1188 4017 1350 4087 comparatio
1369 4016 1477 4069 afferret

301 4103 397 4168 lucem,
418 4120 511 4157 omnes
531 4121 579 4173 pro
598 4103 696 4173 plagiis
715 4106 743 4157 et
761 4103 842 4158 furtis
859 4103 888 4158 in
906 4122 983 4158 suam
1000 4105 1163 4174 farraginem
1181 4104 1337 4174 receperit.“
1374 4103 1477 4157 Versus

298 4188 360 4255 illel:
391 4174 533 4258 ,,ἇρίο1ςι
542 4187 634 4242 ἔοικεν
654 4192 668 4242 d
688 4188 782 4259 γέρων
799 4191 848 4250 δὶς
867 4196 931 4248 παῖς
950 4190 1049 4260 γένοιτ’
1069 4189 1115 4255 ἄν,
1135 4211 1216 4262 quem
1231 4193 1357 4247 Clemens
1370 4190 1477 4244 Platoni

298 4277 511 4354 philosopho
530 4279 599 4335 falso
618 4280 721 4346 tribuit,
741 4281 848 4335 Platoni
868 4279 1005 4334 (lomico
1025 4281 1189 4350 delegandus
1208 4284 1257 4336 est.
1332 4293 1335 4300 ⁴

375 4371 395 4440 8)
413 4388 475 4441 pag.
495 4370 536 4424 22.

371 4459 391 4529 ⁴)
413 4457 500 4524 Quem
518 4458 607 4513 looum
628 4475 663 4512 ex
681 4455 839 4512 Aristobulo
859 4455 1033 4526 deprompsit.
