3252 5056
852 357 894 422 44

286 778 350 859 lle
377 776 548 880 spuriis
574 778 796 876 versibus,
829 633 994 881 δίδοτε
1023 777 1246 872 Clemens,
1269 773 1478 878 Graecos

375 923 518 985 unum
544 903 678 988 deum
705 906 913 1002 coluisse,
940 903 1236 1006 comprobare
1262 901 1379 984 uult.

372 1072 491 1139 Eodem
514 1072 584 1139 libri
606 1075 797 1142 stromatum
820 1075 915 1150 sexti,
935 1063 1050 1158 ¹capite
1072 1074 1168 1149 XIV,
1198 1090 1236 1138 ex
1265 1091 1325 1156 quo
1354 1091 1480 1138 versus

288 1199 385 1264 supra
418 1182 511 1248 modo
545 1177 757 1260 examinatos,
790 1184 1005 1261 laudavimus,
1038 1182 1241 1249 continentur
1274 1181 1336 1247 alia
1367 1181 1479 1247 docu-

289 1296 415 1369 menta,
442 1291 553 1377 quibus
576 1297 686 1360 auctor
709 1295 821 1361 misere
845 1294 978 1360 desudat
1000 1296 1032 1359 et
1054 1293 1196 1359 elaborat
1216 1290 1248 1356 in
1269 1289 1480 1376 argumentis

290 1401 474 1478 afferendis,
513 1404 706 1472 Graecorum
737 1407 847 1488 poetas
880 1407 913 1470 et
941 1403 1141 1488 philosophos
1173 1425 1273 1469 anam
1306 1421 1479 1466 summum

290 1529 408 1578 numen
430 1513 603 1600 agnovisse.
648 1515 730 1582 Sunt
752 1515 877 1599 quidem
891 1501 970 1590 loci,
1003 1533 1041 1580 ex
1062 1511 1318 1597 philosophorum
1342 1510 1479 1596 scriptis

291 1622 478 1707 deprompti,
490 1617 671 1710 'genuini¹),
693 1628 859 1709 poetarum
877 1643 950 1690 vero
966 1643 1085 1701 versus,
1106 1625 1292 1706 plerumque
1312 1619 1480 1706 Sophocli,

293 1733 461 1818 Aeschylo,
486 1734 623 1817 Diphilo,
646 1735 822 1802 Menandro
846 1733 1014 1818 suppositi,
1042 1736 1097 1800 aut
1117 1733 1301 1816 interpolati
1320 1734 1380 1799 aut
1406 1732 1480 1797 ficti

266 1833 269 1841 ’
292 1843 368 1907 suut
390 1842 586 1911 aestimaudi.
630 1846 766 1913 Eosdem
789 1864 897 1910 uersus
922 1843 986 1910 iam
1009 1846 1105 1910 antea
1126 1841 1267 1909 Iustinus
1289 1844 1420 1928 Martyr
1446 1845 1480 1907 ct

292 1954 402 2018 auctor
424 1952 522 2020 libelli
544 1955 582 2022 de
602 1943 784 2022 monarchia
806 1953 837 2019 in
863 1972 955 2018 suum
977 1973 1068 2018 usum
1094 1955 1328 2019 converterunt.
1371 1951 1478 2018 Scali-

289 2051 364 2146 gero
393 2061 491 2148 igilur
518 2065 619 2148 primo
653 2066 705 2131 isti
740 2063 878 2148 suspecti
914 2066 1023 2139 erant;
1064 2062 1227 2128 Bentleins
1260 2061 1372 2129 deinde
1409 2063 1476 2129 iarn

291 2171 657 2250 Pseudo-Hecataeum,
697 2176 783 2242 cuius
818 2193 932 2241 nomen
967 2173 1064 2238 semel
1095 2175 1377 2248 commemoratur,
1410 2173 1478 2238 fal-

291 2280 408 2346 sarium
430 2283 583 2367 sentit²):
607 2288 702 2368 atque
724 2285 806 2350 idem
830 2284 906 2350 tulit
926 2282 1075 2348 iudicium
1097 2281 1369 2366 Valckenarius³).

377 2392 574 2478 Bockhius⁴)
597 2377 730 2479 denique
751 2415 808 2479 pro
830 2398 916 2461 certo
942 2393 1096 2468 affirmat,
1126 2411 1330 2476 quoscunque
1351 2411 1478 2467 uersus,

293 2500 464 2586 Aeschylo,
482 2503 638 2587 Sophocli,
653 2505 791 2589 Diphrlo,
813 2504 989 2572 Menandro
1003 2501 1149 2578 tributos,
1170 2503 1310 2586 proferat
1325 2500 1477 2568 Clemens

183 2657 185 2663 -
293 2610 332 2674 ad
361 2609 523 2698 religiosas
552 2616 745 2682 Graecorum
774 2617 811 2681 de
840 2633 904 2680 uno
934 2613 991 2678 deo
1022 2611 1182 2696 opiniones
1211 2611 1476 2692 comprobandas,

292 2738 345 2784 eos
374 2721 415 2786 ad
443 2743 543 2788 unum
572 2744 685 2791 omues·
703 2727 832 2792 haustos
855 2742 921 2790 esse
948 2742 986 2788 ex
1008 2721 1300 2789 Pseudo-Hecataei
1325 2727 1475 2813 ,οσοοριά

292 2837 359 2898 κατ’
374 2833 533 2919 Ἄβραμον
555 2841 605 2904 καὶ
627 2840 701 2912 τούς
720 2838 944 2921 Αἰγοπτίονς.“

379 2944 466 3008 Haec
484 2941 655 3009 ¹sententia
685 2963 757 3009 cum
788 2943 971 3010 firmissimis
998 2942 1148 3010 fulciatur
1176 2941 1389 3018 adminiculis,
1416 2961 1474 3008 nos

298 3051 490 3140 accingimus
513 3054 550 3118 de
572 3053 851 3136 praestantissimis
872 3053 948 3119 locis
969 3073 1071 3137 pauca
1095 3053 1255 3137 disputare
1266 3053 1312 3138 5);

336 3182 409 3250 pag.
435 3167 514 3231 717:
546 3171 619 3240 ,,ναὶ
645 3166 712 3255 μὴν
733 3170 784 3232 καὶ
806 3165 827 3255 ἦ
848 3169 1021 3254 τραγῳδία,
1050 3165 1118 3232 dni
1139 3170 1204 3231 τῶν
1227 3165 1367 3232 εἰδώλων
1388 3163 1473 3232 ἄπο-

419 3282 554 3353 σπῶσα,
585 3277 631 3354 εἰς
652 3277 711 3342 τδν
733 3275 871 3362 ούρανδν
893 3275 1085 3361 ἀναβλέπειν
1107 3278 1260 3343 διδάσκει·
1291 3275 1390 3359 ὁμὲν
1408 3284 1472 3342 Σο-

427 3390 563 3476 φοκλῆς,
595 3386 637 3461 ὥς
666 3407 766 3476 φησιν
787 3384 987 3461 Ἑκαταῖος
1021 3386 1039 3450 δ
1065 3387 1119 3461 τοῖς
1148 3387 1288 3472 ἱστορίας
1317 3381 1473 3466 συνταξά-

423 3520 530 3581 μενος,
554 3495 588 3564 ἒν
609 3501 655 3583 τῷ
676 3499 744 3561 κατ’
762 3493 921 3584 Ἄβραμον
943 3497 997 3563 καῖ
1016 3496 1089 3571 τούς
1111 3504 1304 3580 Αἰγυπτίους
1326 3495 1473 3578 ἄντικρυς

421 3606 477 3674 ἐπὶ
505 3613 560 3698 τῆς
584 3611 700 3696 σκηνῆς
722 3603 831 3696 ἐκβοᾷ·

463 3708 529 3792 ,οἷς
550 3727 617 3790 ταῖς
640 3715 854 3805 α’ληθοίαοσον,
879 3711 926 3789 οἷς
948 3714 1036 3782 ἐστον
1059 3715 1147 3789 θεός.

464 3828 498 3902 δς
521 3825 660 3910 οδρανδν
681 3825 709 3890 τ’
732 3824 841 3902 ἔτευξε
856 3827 916 3891 ’καὶ
937 3835 1028 3908 γαῖαν
1048 3828 1181 3910 μακραν,

464 3938 589 4003 πόντον
610 3959 645 4001 τε
668 3933 817 4021 χαροπδν
839 3929 949 4016 οἶδμα,
971 3934 1117 4018 κοῖνέμων
1138 3944 1219 4022 βίον.
1255 3940 1344 4004 κτλδ*

620 4057 699 4065 -ι

369 4107 388 4176 ¹)
408 4107 575 4177 Excipienda
594 4107 638 4160 est
655 4105 713 4160 sola
731 4107 812 4160 sexta
830 4104 953 4159 Platonis
971 4105 1095 4176 epistula.

367 4195 387 4264 ⁹)
406 4194 455 4265 Ep.
475 4195 509 4249 ad
528 4193 643 4248 Millium
661 4210 722 4263 pag.
743 4191 801 4246 717.

367 4283 387 4352 ³)
405 4283 423 4337 l.
442 4282 460 4337 l.
478 4300 539 4353 pag.
560 4281 600 4336 18.

370 4370 390 4440 ⁴)
408 4371 450 4424 De
462 4369 580 4424 Graecae
593 4367 748 4438 tragoediae
759 4367 934 4438 principibus.
955 4366 1237 4436 Heidelbergae1808.
1256 4386 1316 4439 pag.
1329 4366 1473 4420 146-164.
1599 4345 1600 4370 ἢ

368 4459 389 4528 ⁵)
407 4457 448 4514 Ea
466 4457 494 4513 iu
511 4475 542 4512 ue
560 4475 630 4512 unus
651 4454 780 4510 dissentit
798 4455 983 4511 Sciat-Oraia:
1007 4455 1071 4511 hist.
1091 4456 1170 4512 Alex.
1190 4457 1280 4526 Magn.
1298 4473 1359 4526 pag.
1378 4453 1438 4509 510.
