3252 5056
663 358 761 444 'id

151 603 292 668 dandum
322 601 391 668 crit.
435 601 662 669 Aristotelem
690 598 815 682 quidem
843 602 1028 666 nominatim
1049 598 1194 665 Clemens
1216 591 1330 684 quater

150 714 395 779 commemorat:
424 711 511 794 atqui
532 710 596 775 iam
616 707 846 775 Valckenarius
860 709 881 792 ¹)
902 728 939 775 ex
960 709 1098 792 reliquiis
1120 710 1203 792 apud
1226 711 1326 776 uusa-

148 825 237 889 bium
260 821 479 906 superstitibus
499 821 675 905 permultos
696 819 773 884 alios
794 818 965 884 Clementis
987 821 1072 884 locos
1095 839 1132 886 ex
1153 820 1327 886 Aristobuh

147 935 237 1018 libris
276 933 477 1015 depromptos
514 949 581 996 esse
619 929 781 1014 cognorit:
819 928 930 1011 quodsi
970 929 1071 996 decies
1107 929 1325 997 Aristobulum

148 1065 323 1127 suppresso
351 1045 476 1110 nomiae
504 1038 664 1115 exscribit,
695 1057 799 1104 noune
821 1038 908 1103 uobis
931 1039 1072 1104 conicere
1093 1038 1217 1118 licebit,
1249 1041 1326 1107 alios

149 1173 275 1238 quoque
297 1155 398 1227 locos,
429 1151 540 1234 quibus
563 1151 673 1217 eadem
696 1150 884 1235 argumenta
905 1149 1103 1226 tractantur,
1131 1151 1327 1217 adeundam

148 1267 314 1331 auctorem
337 1281 403 1328 esse
426 1262 630 1327 referendos?
674 1261 763 1325 Haec
785 1279 857 1324 vero
878 1277 980 1341 pauca
1002 1259 1034 1324 lu
1058 1259 1239 1330 uuiversum
1265 1261 1327 1327 dis-

147 1375 333 1458 putavimus
363 1372 400 1437 de
429 1371 569 1448 ratione,
597 1389 659 1453 qua
688 1370 832 1436 Clemens
861 1369 894 1433 iu
923 1388 1016 1434 usum
1048 1389 1140 1436 suum
1172 1371 1327 1437 convertit

147 1486 246 1551 libros
267 1484 457 1551 Iudaeorum
483 1480 619 1563 spurios:
650 1497 735 1544 nunc
759 1479 899 1564 singulos
930 1478 1097 1562 scriptores
1126 1500 1203 1564 quos
1234 1500 1328 1564 supra

149 1593 404 1662 enumeravimus
426 1589 604 1657 accuratius
627 1588 883 1654 examinabimus.

237 1709 266 1769 1.
301 1702 442 1768 Aristeas
476 1702 526 1766 vel
563 1697 679 1766 rectius
709 1698 1022 1776 Pseudo-Aristeias,
1056 1719 1151 1783 quem
1181 1699 1327 1766 Clemens

146 1813 338 1881 nominatim
365 1830 523 1894 nusquam
549 1809 679 1884 laudat,
711 1808 964 1874 commenticiam
984 1809 1074 1876 illam
1097 1810 1266 1892 epistulam
1287 1811 1328 1877 ad

147 1924 365 1991 Philocratem
388 1920 494 1986 datam
518 1917 727 2001 composuisse
743 1919 846 1984 fertur
856 1918 893 2001 ²).
927 1920 1041 1987 Utres
1059 1938 1139 2003 quae
1154 1922 1327 1987 narrantur

146 2036 261 2109 fictae,
286 2032 334 2097 ita
363 2032 396 2096 et
422 2030 526 2113 ipsum
554 2027 705 2118 auctoris
720 2047 835 2094 nomeu
858 2029 974 2094 falsum
998 2030 1063 2114 (καὶ
1084 2027 1227 2115 τοῦνομα
1248 2030 1327 2101 oded

145 2155 365 2230 κατέψευσται
386 2140 545 2224 Cobetus).
583 2139 743 2206 Aristeam
765 2157 865 2202 unum
888 2158 926 2204 ex
939 2138 1115 2206 Ptolemaei
1130 2141 1327 2224 Philadelphi

146 2254 355 2321 familiaribus
369 2251 465 2317 fuisse
476 2249 643 2316 verisimile
659 2251 723 2324 est:
740 2248 827 2313 cuius
840 2248 965 2314 nomine
979 2268 1146 2333 perperam
1163 2255 1325 2335 assumpto

147 2364 285 2431 Iudaeus
301 2363 427 2447 quidam
449 2362 568 2426 famam
590 2361 686 2442 atque
709 2357 841 2443 gloriam
861 2377 1021 2425 sacrorum
1042 2357 1193 2425 librorum
1208 2380 1324 2448 augere

149 2477 184 2541 et
206 2491 379 2558 propagare
402 2471 586 2537 conabatur.
619 2472 665 2534 ldr
685 2467 773 2533 initio
797 2468 961 2550 epistulae,
984 2488 1079 2552 quam
1101 2470 1248 2536 falsarius
1269 2471 1323 2537 ille

89 2562 93 2570 ’
147 2585 334 2669 pontificem
349 2583 480 2650 areana
503 2580 771 2645 aratoremaoum
789 2578 908 2643 uouisse
928 2579 1030 2664 finpa,
1052 2577 1195 2665 intellegi
1209 2583 1325 2663 potest,

151 2715 224 2760 euru
260 2692 375 2759 litteris
412 2689 532 2756 Latinis
567 2706 634 2754 esse
666 2687 823 2753 imbutum
860 2706 963 2770 neque
996 2686 1122 2753 omniuo
1144 2689 1327 2755 ,Ptolemaei

154 2803 351 2885 Philadelphi
373 2800 568 2883 temporibus
591 2797 765 2879 scripsisse
789 2796 833 2862 ita
855 2795 937 2862 enim
959 2796 1082 2866 scribit:
1104 2801 1155 2883 „ei
1175 2799 1270 2876 αὐτός
1290 2826 1327 2868 τε

153 2916 291 3006 ἔρρωσαι
312 2918 365 2980 καὶ
387 2912 408 3001 ἡ
429 2915 602 2998 βασίλισσα
623 2909 764 2997 Ἀρσινόη
786 2907 807 2996 ἡ
829 2907 952 2997 ἀδελφὴ
973 2913 1025 2976 καὶ
1044 2908 1084 2974 ari
1100 2915 1203 2989 τέκνα,
1225 2914 1327 2985 καλῶς

151 3027 191 3093 ἂν
214 3025 321 3111 ἔχοι“.·
349 3021 399 3087 cui
427 3022 513 3085 hunc
541 3021 648 3084 locum
675 3015 795 3102 legenti
824 3036 886 3082 uon
917 3016 1003 3083 venit
1026 3016 1059 3080 iu
1082 3019 1222 3083 mentem
1242 3018 1327 3084 illius

151 3138 387 3202 Romanorum:
413 3130 571 3208 „sinales
586 3129 666 3194 heue
684 3129 778 3192 est?“
809 3125 935 3192 Eisdem
953 3125 1054 3191 verbis
1068 3145 1182 3208 parum
1199 3127 1328 3194 Graecis

155 3271 552 3284 ————---—-—-.—-.—-

226 3341 247 3411 ¹)
265 3341 282 3395 l.
302 3341 318 3394 l.
338 3359 363 3412 p.
383 3340 398 3394 9
419 3354 484 3407 sqq3
505 3336 535 3391 11
556 3353 623 3404 sqq:
642 3335 676 3388 66
695 3350 760 3402 sqq3
780 3333 828 3398 713
848 3333 894 3398 72;
914 3333 956 3388 89.

226 3427 247 3495 ¹)
265 3429 316 3482 His
334 3427 404 3480 enim
423 3424 524 3478 litteris
542 3423 612 3478 istae
630 3422 714 3476 mirae
731 3438 788 3486 res,
817 3437 885 3489 quae
904 3421 1036 3475 accidisse
1053 3420 1241 3486 tradebantur,
1267 3438 1328 3474 cum

152 3517 245 3571 Iudaei
271 3513 449 3569 Alexandrini
474 3512 584 3567 Sacram
607 3510 773 3579 Scripturam
798 3508 825 3562 in
845 3507 977 3562 Graecum
1001 3525 1153 3561 sermonem
1177 3508 1327 3574 vertebant,

83 3611 86 3616 '
153 3605 262 3674 copiose
287 3601 488 3664 describuntur;
516 3601 607 3653 tamen
630 3598 763 3651 insertum
782 3599 832 3661 est,
858 3613 911 3665 quc
930 3598 1051 3665 tempore
1069 3596 1137 3650 haec
1154 3597 1258 3649 famosa
1276 3596 1329 3667 epi·

153 3692 226 3747 strala
241 3689 390 3760 composita
403 3688 447 3751 sit,
468 3703 528 3742 eum
541 3703 635 3757 parum
649 3686 763 3748 constet,
781 3701 846 3736 num
858 3682 1038 3750 Aristobulus‚
1058 3683 1104 3751 qui
1119 3682 1223 3753 primus
1234 3682 1329 3737 Deme·

152 3781 235 3834 trium
250 3779 413 3833 Phalereum
430 3777 504 3832 illius
521 3775 707 3830 translationis
724 3774 884 3845 participem
901 3774 987 3828 fuisse
1006 3775 1203 3838 commemorat,
1222 3773 1276 3828 iam
1294 3792 1329 3827 ex

152 3867 264 3920 Aristeu
281 3866 412 3921 hauserit.
443 3864 497 3919 cfr.
516 3861 597 3918 Gerh.
616 3862 657 3916 Jo.
665 3862 750 3915 Voss:
769 3859 802 3914 de
814 3860 951 3914 historicis
964 3860 1082 3914 Graecis.
1110 3860 1232 3914 lhanecf.
1253 3860 1328 3916 1677.

153 3955 174 4008 Ι.
195 3971 216 4007 e.
238 3953 278 4007 10.
306 3953 457 4006 Fabricius:
486 3949 650 4005 bibliothece
669 3947 772 4002 Graeca
790 3948 837 4013 IH,
862 3965 924 4018 pag.
942 3947 994 4002 469
1019 3948 1058 4001 ed.
1077 3945 1198 4002 Harless.
1233 3947 1328 4018 Hcdy:

154 4043 248 4095 eontra
267 4039 408 4093 historiam
423 4039 548 4093 Aristeae
567 4038 600 4091 de
618 4035 691 4090 LXX
711 4035 911 4106 interpretibus.
936 4034 1106 4090 Valckeuaer
1122 4035 1139 4089 l.
1155 4035 1172 4090 l.
1191 4053 1253 4107 pp.
1268 4035 1293 4090 6.
1305 4035 1329 4090 7.

154 4127 239 4182 Cobet
256 4126 361 4192 Λόγιος
378 4126 476 4192 Ἑρμῆς
494 4143 554 4196 pag.
576 4124 625 4178 177
644 4140 703 4192 sqq.
741 4122 842 4177 Exstat
865 4123 933 4176 haec
956 4121 1073 4192 epistula
1096 4123 1167 4192 apud
1185 4123 1329 4195 Iosephum

154 4215 195 4268 ed.
223 4215 402 4284 Havereamp.
447 4214 522 4268 Add:
554 4213 667 4268 Graetz:
703 4210 867 4264 Gcschichte
897 4209 944 4263 der
970 4209 1066 4263 Judeu.
1102 4209 1220 4280 Leipzig.
1253 4209 1328 4264 1856.

154 4301 202 4355 Bd.
219 4302 266 4355 III.
285 4319 346 4371 pag.
366 4300 505 4354 aes-342
524 4301 635 4368 eiusque
655 4297 902 4352 commentariolum
920 4297 949 4350 in
962 4296 1187 4362 „Monatsschrift
1198 4297 1217 4351 f.
1230 4295 1328 4351 Gssch.

153 4387 177 4440 d.
205 4388 393 4442 Judentums.“
425 4388 500 4442 1876.
528 4406 554 4459 p.
574 4388 625 4443 289
653 4404 713 4455 sqq.
749 4384 945 4438 Freudenthal:
971 4383 1182 4438 Hellenistisehe
1209 4382 1329 4438 Studien.

154 4491 217 4544 pag.
238 4474 296 4540 125,
316 4475 375 4530 141.
411 4475 512 4530 Zeller:
530 4474 705 4545 Philosophia
724 4473 772 4527 der
790 4472 925 4528 Griechen
941 4471 989 4537 ΠΙ,
1008 4471 1025 4524 2
1041 4489 1102 4542 pag.
1122 4471 1180 4525 227.
1200 4470 1259 4524 228.

1076 4557 1116 4611 2·
