3252 5056
298 568 430 659 laudat,
452 601 516 648 non
540 601 576 648 ex
597 581 806 665 Xenophonte
826 582 911 666 ipso,
934 581 988 647 sed
1009 601 1045 647 66
1066 581 1210 649 Musonio
1233 595 1299 648 esse
1320 585 1481 667 sumptos,

299 694 384 760 unde
404 693 556 759 Stobaeus
589 711 711 775 quoque
745 711 802 757 sua
833 692 1040 775 deprompsit:
1073 710 1235 774 compares
1265 692 1360 759 velim
1391 693 1481 777 apud

300 804 499 870 Clementem
519 802 652 888 paginas
676 805 755 877 190,
780 806 859 875 240,
886 806 965 879 243,
994 805 1171 878 166,169,
1196 805 1273 878 171,
1298 805 1376 880 112,
1403 806 1478 870 174.

299 931 372 979 oum
400 911 592 998 Anthologia
616 915 644 987 1,
668 916 725 987 84;
750 915 799 988 18,
823 917 879 988 38;
908 916 958 985 11,
983 914 1057 988 160;
1083 915 1132 987 18,
1157 915 1227 977 166.
1272 913 1363 996 Quod
1386 914 1477 979 deni-

302 1037 372 1107 quo'
386 1023 531 1090 Clemens
554 1024 586 1087 66
608 1019 760 1087 Stobaeus
781 1023 814 1086 in
836 1022 1003 1087 laudandis
1029 1021 1130 1104 poetis
1151 1022 1336 1105 plerumque
1359 1024 1478 1089 mirum

298 1133 333 1198 in
349 1133 478 1199 modum
494 1131 706 1208 consentiunt,
730 1132 910 1197 coniectura
924 1131 997 1196 inda
1016 1131 1138 1215 assequi
1153 1151 1329 1214 possumus,
1347 1133 1478 1199 utrum·

299 1262 359 1327 que
382 1243 492 1309 eodem
513 1243 600 1307 fonte
622 1261 715 1306 usum
739 1261 815 1317 csse,
836 1241 927 1307 illum
950 1241 1146 1317 Aristobulo,
1176 1241 1229 1325 qui
1250 1243 1478 1327 grammaticos

299 1352 530 1420 Alexandrinos
553 1351 787 1433 compilaverat,
809 1353 895 1416 hunc
919 1351 962 1416 eis
983 1351 1057 1434 ipsis
1079 1351 1302 1437 grammaticis.

812 1679 832 1686 ..-
837 1681 862 1686 -.
867 1680 1081 1687 ——·—--———

296 2121 360 2204 lle
399 2121 673 2205 adulterinis
708 2123 788 2223 oui
816 2123 1060 2208 Clementis
1098 2122 1245 2205 aetate
1278 2120 1472 2204 circum-

663 2246 929 2331 ferebantur
954 2247 1104 2332 libris.

380 2437 447 2501 Iam
470 2435 502 2502 in
519 2435 659 2517 proxima
681 2436 841 2517 superiore
856 2435 1121 2502 commentatione
1144 2433 1352 2517 suspicionem
1368 2434 1464 2499 mori-

294 2565 366 2610 mus
381 2545 578 2612 Clementem
594 2547 755 2630 pleraque,
778 2566 857 2629 quae
875 2546 915 2611 ad
936 2545 1060 2611 litteras
1074 2545 1211 2611 Graecas
1228 2546 1384 2628 spectant,
1402 2564 1464 2610 non

297 2675 334 2722 66
357 2657 537 2726 auctoribus
558 2657 633 2740 ipsis
657 2677 734 2740 quos
756 2657 867 2722 laudat
888 2655 1037 2728 hausisse,
1060 2655 1114 2719 sed
1136 2674 1174 2720 66
1192 2654 1274 2719 fictis
1295 2655 1468 2738 spuriisque

291 2766 378 2831 libris
400 2787 418 2832 a
441 2767 564 2832 ludaeis
587 2765 807 2832 Alexandrinis
834 2784 869 2830 eo
893 2765 1020 2830 consilio
1043 2763 1231 2847 compositis,
1252 2767 1290 2829 66
1309 2766 1470 2835 Hebraeos

293 2875 420 2943 Graecis
457 2874 629 2958 superiores
662 2875 756 2940 fuisse
787 2876 820 2939 et
851 2874 966 2941 litteris
999 2876 1032 2940 et
1065 2875 1184 2940 artibus
1217 2874 1467 2954 comprobarent.

292 2989 378 3070 Quae
406 2985 502 3072 igitur
531 2985 633 3050 adhuc
662 3005 699 3050 66
729 2984 861 3060 ratione,
896 3003 977 3067 quae
1011 2983 1094 3048 inest
1124 2982 1294 3050 Clementis
1331 2983 1467 3076 scriptis,

290 3096 470 3162 coniectura
491 3095 628 3178 quadam
649 3093 799 3176 suspicati
821 3114 942 3170 sumus,
966 3111 1002 3159 ea
1026 3094 1084 3158 hoc
1107 3092 1209 3176 capite
1232 3093 1371 3180 singulos
1391 3095 1469 3161 istos

290 3206 465 3289 scriptores,
486 3205 669 3288 inquorum
685 3223 855 3269 numerum
873 3203 1016 3287 inprimis
1037 3203 1192 3268 referendi
1213 3205 1289 3269 sunt
1305 3205 1468 3288 Aristeas,

291 3319 473 3386 Hecataeus
494 3317 666 3396 Abderita,
690 3316 875 3382 Numenius
898 3315 1111 3398 Apumeusus,
1133 3316 1343 3398 Eupolemus,
1366 3316 1468 3382 Aria·

287 3448 407 3511 paraus,
426 3425 616 3503 Demetrius,
637 3427 769 3507 uterque
783 3425 887 3504 Pluto,
901 3425 1089 3492 Aleaauoler
1101 3425 1288 3508 Polplu'stor
1300 3424 1325 3507 ¹)
1340 3426 1469 3492 Aristo-

290 3539 398 3614 tulus,
436 3553 605 3618 eorumque
635 3535 730 3600 libros
765 3532 959 3600 adulterinos
998 3537 1218 3610 recensentes,
1256 3534 1343 3600 novis
1373 3554 1469 3620 argu-

153 3651 156 3660 ’
288 3645 404 3712 montis
425 3644 704 3726 comprobabimus.
751 3646 820 3727 Qua
845 3644 877 3722 in
903 3663 937 3708 re
962 3644 1040 3709 bene
1068 3645 1385 3711 animadvertendum
1407 3648 1468 3722 ast,

288 3757 484 3824 Clementem
518 3773 557 3820 ne
588 3773 640 3820 eos
671 3752 796 3836 quidem
832 3772 885 3818 666
920 3754 1079 3836 septemve
1112 3755 1257 3820 auctores
1285 3753 1466 3836 inspexisse,

171 3883 172 3886 ’
288 3866 343 3932 sod
378 3865 505 3948 praeter
532 3865 708 3947 Joseptum
747 3865 780 3929 ct
818 3865 1043 3930 aristobulum
1080 3865 1208 3929 tautum
1244 3865 1466 3932 Aleuaudrum

288 3977 537 4060 Polplu‘storem,
562 3973 614 4056 qui
640 3973 773 4039 aliorum
796 3972 913 4054 scripta
936 3976 1144 4055 excerpserat.
1184 3975 1353 4040 Praeterea
1375 3972 1463 4040 nobis

287 4103 512 4169 saepenumero
535 4103 608 4149 cum
641 4102 678 4149 66
701 4084 961 4167 argumentorum
986 4101 1140 4150 consensu
1174 4086 1244 4151 tum
1272 4083 1406 4151 maxime
1430 4103 1467 4150 66

287 4197 452 4265 uerborum
481 4195 647 4269 contextu,
678 4211 772 4276 quem
795 4192 941 4258 Clemens
967 4193 1152 4277 plerumque
1174 4194 1308 4269 retinet,
1337 4196 1467 4260 conclu·

364 4376 383 4446 ¹)
402 4375 502 4430 Eorum
513 4374 642 4442 reliquias
653 4372 764 4440 collegit
776 4371 905 4427 Mueller:
918 4372 1081 4440 Fragmenta
1092 4374 1281 4428 historicorum
1293 4372 1458 4430 Graecorum

286 4463 350 4519 voll
369 4463 403 4519 H.
423 4467 452 4517 et
468 4464 518 4518 111.
