3252 5056
183 589 339 674 explicari
363 609 454 673 posse
481 591 661 674 opinamur:
692 589 910 657 Aristobulum
939 589 1042 655 totam
1065 588 1366 656 commentationem
1461 577 1464 590 ¹

181 698 418 766 inconsiderate
437 692 686 785 transsumpsisse
701 719 739 766 ex
751 694 854 783 aliquo
871 698 1081 784 „florilegio“;
1105 699 1256 765 eiusmodi
1271 698 1366 764 libros

182 811 412 896 grammaticos
422 809 652 878 Alexandrinos
675 808 857 875 conferendi
874 827 969 874 cause
992 808 1220 893 conscripsisse,
1242 808 1366 875 littera·

182 940 260 987 rum
277 920 405 986 historie
421 922 577 988 docemur.
612 921 718 1005 Atque
728 919 870 1002 proiecto
885 919 969 1001 opud
983 919 1155 986 Eusebium
1168 921 1192 1001 ¹)
1207 918 1366 985 invenitur

182 1031 405 1116 fragmentum
426 1030 497 1096 libri
513 1032 538 1097 I.
560 1029 726 1115 Porphyrii
755 1033 854 1118 „nupt
873 1026 930 1118 τῆς
951 1031 1136 1115 φιλολογίας
1153 1029 1366 1118 α’κροάσεως“,

123 1151 126 1154 “
182 1139 242 1208 ubi
264 1139 414 1208 eiusmodi
436 1139 693 1222 ‚spromptuarie“
724 1137 1021 1205 commemorantur.
1071 1139 1159 1205 Inter
1189 1157 1241 1204 eos
1267 1139 1366 1222 scrip-

182 1252 283 1326 tores,
307 1269 384 1334 quos
402 1249 597 1334 Porphyrius
614 1249 699 1315 looos
718 1249 833 1316 similes
848 1247 1018 1314 contulisse
1033 1249 1142 1326 trudit,
1165 1253 1329 1320 Aretcdos
1340 1251 1365 1332 2)

183 1359 390 1437 nominetur,
416 1359 467 1443 qui
493 1359 638 1426 libellum
670 1405 689 1436 ,‚
698 1365 775 1446 περὶ
797 1362 1080 1444 σονομπιώοιως“
1105 1361 1296 1444 composuit3
1328 1381 1366 1428 ex

162 1471 255 1536 sola
278 1469 364 1536 tituli
381 1470 584 1553 inscriptione
606 1469 740 1536 materie
760 1466 970 1554 cognoscitur.
1009 1470 1164 1537 Aretsdes
1179 1472 1262 1538 enim
1276 1471 1364 1549 illem

182 1584 330 1647 locorum
347 1581 525 1668 congeriem
541 1580 703 1664 repetiisse
724 1579 859 1654 uidetur,
882 1575 919 1643 ut
941 1578 983 1643 ad
999 1579 1365 1648 litterarum-historiam

183 1690 417 1774 explicandam,
439 1690 646 1774 inquantum
666 1689 746 1755 alius
769 1687 1016 1771 scripturalium
1034 1689 1179 1773 excipiet,
1199 1691 1364 1776 perspicue

184 1801 395 1867 demonstret.
460 1883 461 1886 Ἴ
843 1875 847 1880 ,

271 1912 384 1994 Itaque
406 1909 519 1976 merito
541 1912 691 1992 putemus
711 1908 940 1991 Dindorfium⁸)
961 1927 1074 1986 errare,
1097 1928 1169 1977 cum
1190 1913 1363 1995 contendit,

181 2019 323 2107 Longini
332 2019 361 2103 4)
383 2019 485 2086 uerbis
508 2018 659 2085 eiusmodi
680 2017 896 2102 promptuaria
917 2019 1097 2106 perstringi.

273 2129 423 2214 Quamuis
434 2148 506 2196 uero
520 2129 646 2194 difficile
659 2128 699 2193 sit
710 2127 848 2214 cognitu,
860 2129 1060 2198 Aristobulus
1068 2133 1180 2199 utrum
1189 2132 1363 2198 Aretedcm

183 2239 404 2322 compilaverit
420 2259 460 2306 an
475 2238 661 2322 Hippiem⁵)
677 2259 717 2304 en
741 2239 838 2304 alium
860 2241 1059 2323 scriptorum,
1077 2259 1155 2324 quos
1170 2241 1363 2326 Porphyrius

184 2351 296 2417 effert:
311 2348 344 2414 id
358 2350 485 2434 quidem
501 2351 637 2425 constat,
651 2348 742 2414 illum
759 2369 797 2415 er
810 2349 951 2434 proximo
963 2368 1086 2434 quoque
1101 2352 1190 2417 fonte
1205 2351 1362 2428 hausisse,

182 2464 349 2528 tumeam
374 2459 688 2535 commentationem,
714 2479 808 2542 quam
831 2459 955 2543 quidem
979 2460 1124 2528 Clemens
1145 2461 1362 2538 exhibent-ab

181 2571 252 2654 ipso
275 2572 404 2636 auctore
427 2570 468 2635 sd
489 2569 576 2634 furta
595 2567 750 2634 litterario
767 2568 962 2635 ostendenda
979 2589 1042 2636 non
1058 2591 1124 2637 esse
1142 2570 1361 2654 conscriptam.
1450 2601 1452 2605 >

272 2683 359 2763 Quae
382 2698 453 2745 cum
475 2679 521 2745 ite
544 2678 617 2754 sint,
644 2677 774 2774 minime
803 2679 984 2745 dubitemus
1005 2699 1061 2762 pro
1085 2683 1170 2747 certo
1193 2683 1362 2760 affirmare,

182 2790 369 2866 Clementis,
393 2808 486 2873 quem
502 2790 688 2864 tractamus,
699 2788 810 2854 locum
827 2789 890 2854 ium
906 2789 1079 2856 Aristobuli
1093 2810 1197 2874 opere,
1219 2793 1362 2876 repetitis

181 2901 300 2968 iterum
318 2919 355 2967 uo
377 2899 502 2984 saepius
518 2898 580 2964 illis
595 2898 754 2964 uocabulis
770 2909 981 2996 „perspecere
997 2903 1126 2990 ἔκλεψε,
1143 2906 1249 2993 κλοπή
1270 2908 1361 2982 κιλ,“

175 3009 441 3078 'contaminatum
463 3029 540 3076 esse.
577 3011 764 3094 Extremei)
782 3009 916 3093 denique
938 3009 1029 3078 istius
1048 3012 1159 3096 cepitis
1182 3013 1274 3079 verbe
1294 3013 1362 3097 ipse

184 3121 387 3189 Aristobulea
409 3122 493 3186 haud
512 3119 643 3185 difficile
666 3120 954 3202 deprehenduntur.

260 3295 279 3363 ¹)
299 3296 329 3350 P.
348 3293 378 3349 Ε.
398 3293 431 3348 X.
451 3293 475 3348 3.
495 3310 555 3363 pag.
574 3292 634 3347 464.

250 3373 279 3450 l)
299 3382 416 3436 Cobetus
435 3398 497 3434 eum
514 3379 715 3450 prudentiorem
733 3396 814 3448 quem
832 3379 899 3434 elios
917 3380 1026 3435 iudicet.

257 3469 277 3540 ⁸)
297 3469 380 3524 Clem.
400 3488 510 3541 operum
528 3469 581 3524 vol.
601 3470 621 3523 I.
640 3469 724 3538 praef.
743 3486 804 3541 pag.
822 3469 927 3524 XXVI:
958 3470 1006 3536 „de
1025 3487 1077 3539 quo
1096 3470 1233 3540 Longinus
1252 3490 1359 3544 quoque
1402 3507 1403 3514 ι

184 3559 328 3613 verissime
348 3557 442 3613 dixit.
463 3600 469 3612 .
490 3599 495 3612 .
517 3574 598 3626 quem
615 3557 764 3611 verisimile
784 3559 827 3610 est
844 3557 991 3627 scriptores
1010 3558 1141 3626 quosdam
1167 3557 1233 3627 περὶ
1258 3559 1361 3624 κλοπῆς

126 3699 129 3704 .
184 3646 228 3700 his
246 3645 339 3699 verbis
356 3647 451 3698 notare
469 3643 614 3698 voluisse.“

235 3727 240 3739 ¹
258 3731 278 3802 ⁴)
296 3732 433 3801 Longinus
447 3731 480 3784 de
493 3731 598 3796 sublim.
613 3749 635 3785 e.
647 3731 692 3786 13:
711 3729 804 3794 „o‘do‘s
821 3723 868 3780 ἐπὶ
885 3727 919 3781 td
938 3728 1031 3795 ὑψηλοῖ
1041 3731 1101 3794 -ἤ
1115 3731 1171 3781 τῶν
1187 3729 1354 3802 ἔμπροσθεν

183 3819 316 3888 μεγάλων
334 3816 524 3887 ι’τυγγραφέων
544 3815 591 3869 καὶ
609 3822 729 3881 ποιητῶν
745 3816 863 3886 μίμησίς
881 3833 910 3870 τε
928 3816 975 3868 καὶ
993 3817 1119 3882 ζήλωσις.
1139 3851 1172 3860 -
1198 3816 1256 3871 ἔστι
1275 3821 1303 3872 d‘
1324 3821 1358 3875 ου’

184 3904 271 3968 ιιλοπή
288 3904 319 3956 τδ
337 3908 469 3975 πρᾶγμα,
497 3902 555 3955 αλλ’
575 3904 613 3961 ὥς
638 3902 695 3956 α’πὸ
714 3903 806 3955 καλῶν
828 3900 909 3967 η’θιῦν
927 3903 944 3967 ἢ
964 3901 1133 3973 πλασμάτων
1150 3905 1166 3970 ἢ
1187 3907 1358 3978 δημιουργη-

183 3991 281 4061 μᾰτων
299 3990 511 4050 α’ποτύπωσις.“

256 4080 277 4149 ⁵)
296 4079 435 4135 Dindorfio
454 4081 556 4146 iudice;
575 4081 592 4135 l.
611 4079 628 4135 l.
648 4081 732 4150 praef.
751 4097 811 4149 pag.
830 4079 928 4134 XXVI.

254 4167 275 4238 ⁶)
293 4183 354 4238 pag.
380 4167 438 4222 752.
482 4162 621 4234 ἐπιλείψει
647 4167 703 4235 γαρ
730 4182 769 4235 με
793 4167 808 4216 d
832 4165 905 4232 βίος,
935 4163 964 4218 εἰ
984 4167 1049 4218 καθ’
1076 4163 1193 4220 ἕκαστον
1218 4164 1358 4239 ἐπεξιέναι

184 4253 315 4324 αΙροίμην
338 4252 388 4318 τήν
410 4253 604 4320 Ἑλληνικῆν
628 4253 787 4323 διελέγχων
813 4252 947 4322 φίλαυτον
966 4253 1070 4319 κλοπήν
1095 4254 1141 4307 καὶ
1166 4256 1203 4313 uir
1225 4257 1357 4327 σφετερί-

185 4342 278 4400 ζονται
306 4341 355 4406 τήν
381 4343 497 4412 εὕρεσιν
527 4345 582 4394 τῶν
607 4340 672 4411 παρ’
700 4337 743 4392 αι’
750 4343 808 4391 τοῖ
812 4357 826 4397 ς
855 4338 1006 4392 καλλίστων
1034 4342 1200 4413 δογμάτων,
1230 4347 1264 4412 ἢν
1290 4346 1356 4416 παρ’

183 4427 282 4496 ἤμων
305 4427 465 4498 εἰλήφασιν.

571 4527 969 4538 -.....------
