3252 5056
745 365 787 430 29

180 588 366 671 φιλοτιμίαν
402 586 446 661 εἰς
476 590 572 652 τοῦτο
600 593 893 672 προςενεγκαμένοο
923 593 1159 675 Δημητρίου
1186 593 1256 654 τοῦ
1285 595 1356 654 Φα-

180 700 343 785 ληρέως,
361 700 412 764 καὶ
425 695 463 760 roi
479 698 556 782 περὶ
575 695 821 785 adsignaretur
837 694 973 784 ἀκριβῶς
990 697 1357 783 πραγματευσαμέιοο·“

180 807 265 873 unde
280 803 389 889 bouet,
410 803 610 871 Clementem
624 806 796 887 utrumque
810 804 925 870 librum
942 803 1042 870 eidem
1059 804 1181 872 auctori
1202 805 1357 873 tribuisse.

181 921 268 1002 Quae
305 936 376 983 eum
405 915 452 981 ita
482 913 562 992 sint,
590 934 613 980 a
635 933 708 980 vero
731 934 794 981 nou
827 916 966 982 multum
995 915 1208 982 aberrabimus
1230 917 1359 999 opinati,

180 1027 390 1103 Demetrium,
413 1025 640 1092 Atheniensem
661 1022 892 1107 philosophum,
916 1025 1064 1110 Argolica
1077 1025 1101 1109 1)
1123 1025 1249 1109 quidem
1272 1045 1357 1093 com·
1440 1042 1441 1047 ’
1467 1018 1469 1022 ’

182 1139 334 1223 posuisse,
357 1138 473 1204 librum
488 1155 561 1202 vero
584 1140 741 1224 περὶτῶν
763 1135 798 1202 ἐν
813 1142 852 1222 τῇ
872 1135 1005 1229 Ἰουδαίᾳ
1018 1140 1176 1224 βασιλέων
1196 1137 1358 1204 Demetrio

179 1250 227 1315 illi
249 1248 493 1315 abiudioandum
515 1248 549 1313 et
572 1246 624 1312 alii
647 1245 786 1311 eiusdem
810 1244 944 1312 neminis
966 1245 1114 1312 historice
1134 1244 1359 1332 imputandum

182 1379 266 1426 esse:
297 1359 442 1425 Clemens
472 1359 580 1423 autem
611 1374 712 1438 aeque
734 1358 829 1439 atque
851 1358 1003 1439 Iosephus
1032 1357 1250 1440 philosophum
1285 1377 1358 1424 cunr

181 1470 298 1537 Iudaeo
336 1467 484 1534 historico
524 1463 748 1533 confundebat.
809 1465 957 1532 Ceterum
987 1467 1177 1533 auctoritate
1213 1467 1289 1533 ficta
1326 1471 1358 1534 et

184 1580 342 1646 vetustate
356 1578 441 1644 illius
457 1575 624 1643 adulterini
642 1575 714 1640 libri
729 1578 761 1642 et
776 1575 902 1643 nomine
920 1577 1075 1645 Demetrii
1091 1577 1291 1644 celeberrimo
1307 1579 1358 1644 vel

182 1688 362 1773 peritissimi
393 1687 574 1753 litterarum
603 1687 726 1768 decepti
754 1686 830 1751 sunt
859 1686 957 1752 veluti
984 1687 1136 1765 Aristeas,
1165 1687 1218 1771 qui
1247 1687 1358 1753 deinde

184 1800 364 1866 Aristobulo
387 1797 515 1881 aliisque
537 1796 662 1878 praesto
684 1795 755 1860 fuit.

270 1975 299 2036 8.
328 1971 396 2036 lam
418 1966 549 2033 ineunte
570 1967 630 2031 hac
653 1964 805 2030 relatione
827 1968 1070 2051 Aristotelem,
1088 1965 1240 2034 Iudaeum
1255 1967 1358 2050 philo-

184 2081 334 2163 sophum,
376 2075 560 2161 primarium
592 2073 762 2142 Clementis
803 2075 903 2142 nostri
944 2077 1066 2142 fontem
1106 2095 1172 2142 esse
1207 2076 1358 2160 suspicio-

185 2210 259 2257 nem
286 2188 456 2255 morimus:
487 2186 524 2252 de
547 2204 608 2269 quo
636 2204 738 2267 pauca
766 2184 957 2268 disputaturi
984 2206 1103 2252 sumus.
1149 2188 1196 2252 Ac
1221 2186 1358 2270 primum

183 2300 309 2384 quidem
338 2298 437 2365 utam
465 2297 557 2364 huius
588 2294 764 2378 scriptoris,
793 2315 888 2378 quam
918 2315 991 2361 oum
1019 2295 1072 2362 alii
1098 2295 1155 2362 viri
1184 2297 1267 2364 docti
1288 2300 1358 2364 tum

184 2407 412 2478 Valckenarius
423 2408 448 2491 ²)
485 2405 721 2493 diligentissime
756 2408 1014 2488 composuerunt,
1055 2406 1191 2473 breviter
1230 2410 1357 2474 tantum

185 2519 440 2588 examinabimus.
477 2517 695 2583 Aristobulum
712 2517 921 2582 Alexandriae
944 2517 1115 2583 Ptolemaei
1138 2518 1359 2585 Philometoris

186 2635 368 2717 (nal-145
391 2650 420 2695 a.
443 2627 512 2710 Ch.)
545 2627 738 2710 temporibus
767 2627 908 2693 floruisse
939 2626 1135 2693 adminiculis
1156 2629 1240 2695 haud
1260 2629 1360 2696 imbe-

187 2742 264 2808 cillis
285 2741 416 2807 fulcitur
427 2739 464 2824 ³).
508 2741 539 2804 ls
566 2735 742 2820 composuit
764 2737 1006 2803 commentarios
1026 2736 1059 2802 in
1081 2737 1219 2822 quinque
1241 2739 1360 2824 Moysis

185 2848 288 2930 libros,
310 2869 443 2935 quorum
458 2849 544 2915 haud
560 2847 671 2934 exigua
692 2848 872 2934 fragmenta
888 2849 1015 2913 exstant
1037 2847 1121 2931 apud
1135 2850 1305 2916 Eusebium
1315 2851 1359 2935 ⁴);

260 3103 279 3172 ¹)
297 3103 433 3173 Diogenes
451 3101 560 3170 quidem
578 3099 611 3156 V.
629 3099 653 3153 5.
672 3098 714 3153 80.
733 3099 775 3153 81.
794 3099 867 3153 inter
884 3097 1016 3152 Demetrii
1039 3115 1121 3169 opera
1142 3094 1284 3165 apponas
1306 3115 1360 3153 non

185 3191 278 3256 affert3
297 3194 389 3245 tamen
407 3190 517 3244 dubium
535 3190 585 3253 est,
604 3204 668 3240 nmn
678 3185 801 3239 Laertius
812 3185 948 3253 integrum
957 3184 1085 3239 librorum
1098 3185 1359 3240 indicamexhibeat.

185 3279 317 3334 Nourrius
335 3279 363 3332 in
383 3276 574 3332 dissertatione
599 3274 685 3328 altera
702 3272 730 3325 in
749 3270 916 3325 Clementem
941 3288 1002 3341 pag.
1022 3271 1081 3326 319.
1116 3271 1243 3340 Argolica
1265 3273 1360 3328 tribuit

185 3365 324 3420 Demetrio
335 3365 494 3430 Eretriensi‚
515 3364 548 3417 de
566 3380 619 3431 quo
629 3359 766 3428 Diogenes
783 3360 922 3430 praedicat
941 3360 984 3428 (V.
996 3359 1020 3414 5.
1032 3358 1092 3426 85):
1115 3357 1361 3429 „nocacdeypo'por

186 3449 342 3521 ἄνθρωπος
361 3451 407 3504 καὶ
427 3447 553 3521 ἱστορικοὶ
572 3446 619 3500 aui
638 3443 770 3518 ῥητορικά
788 3444 925 3509 πεποίηκε
939 3444 1063 3512 βιβλίοι.“
1088 3445 1194 3500 Revera
1213 3447 1359 3501 verisimile

185 3543 229 3596 est
247 3540 414 3596 Clementem
438 3542 564 3594 neutrum
588 3536 757 3609 inspexisse,
782 3535 831 3590 sed
855 3535 921 3590 illud
943 3537 1068 3604 quartum
1092 3533 1256 3605 Protreptici
1281 3536 1362 3605 caput

185 3631 257 3701 apud
273 3631 403 3684 Iudaeum
422 3629 581 3699 scriptorem
599 3625 746 3680 invenisse.
784 3623 837 3678 cfr.
856 3622 1039 3678 Frendenthal
1056 3623 1073 3676 l.
1092 3621 1110 3676 1.
1128 3640 1154 3692 p.
1168 3639 1193 3693 p.
1214 3621 1325 3678 35-82.

258 3735 279 3804 ¹)
304 3733 427 3790 Distribe
446 3736 479 3789 de
497 3731 653 3787 Aristobulo
672 3731 778 3784 Iudaeo.
815 3727 991 3783 Valckenarii
1008 3727 1108 3780 iudicia
1123 3726 1217 3780 multis
1235 3727 1263 3780 in
1280 3725 1361 3780 rebus
1481 3733 1485 3741 “

186 3824 312 3877 emendat
329 3827 358 3877 et
376 3822 488 3890 corrigit
506 3821 605 3874 Binda:
633 3817 849 3871 Aristobulische
868 3816 980 3870 Studien
1001 3815 1022 3868 Ι.
1042 3815 1070 3868 et
1087 3813 1121 3867 Π.
1149 3813 1269 3875 1869170.
1306 3811 1360 3868 Cfr.

185 3910 366 3964 Frendenthal
385 3911 402 3965 1.
421 3910 438 3965 1.
457 3926 517 3982 pag.
539 3907 589 3961 164
607 3923 671 3974 sqq;
698 3904 768 3959 Ioel:
787 3903 883 3957 Blieke
901 3903 930 3956 in
949 3902 991 3956 die
1003 3899 1308 3968 ‘Religionsgeschichte
1327 3917 1361 3954 zu

185 3998 296 4067 Anfang
315 4000 362 4053 des
381 3999 414 4054 II.
434 3997 529 4053 Jahrh.
549 3998 569 4051 I.
588 3994 655 4049 Exc.
679 3989 818 4047 Aristobul
837 3991 885 4044 der
902 3989 1109 4061 Peripatetiker.
1130 3987 1205 4044 1880.
1243 3987 1361 4042 Grimm:

186 4085 374 4158 Apokryphen
391 4085 437 4139 IV.
457 4101 517 4155 pag.
537 4083 578 4137 37.

261 4189 283 4259 ³)
301 4189 384 4244 Clem.
404 4192 497 4246 strom.
516 4190 536 4242 I.
554 4206 615 4259 pag.
627 4187 686 4241 242.
705 4184 803 4240 Euseb.
822 4184 852 4240 P.
865 4183 896 4240 Ε.
914 4182 1048 4249 x111.12;
1067 4181 1113 4238 IX
1126 4181 1150 4237 6.
1169 4180 1361 4248 Difficultates,

187 4296 256 4350 quae
275 4278 398 4332 oriuntur
416 4294 451 4330 ex
470 4275 617 4330 Clementis
635 4275 694 4329 loco
712 4276 805 4328 strom.
825 4273 858 4328 V.
870 4290 932 4342 pag.
952 4269 1010 4325 706.
1029 4269 1148 4323 removit
1165 4267 1362 4325 Valckenarius

186 4366 203 4420 1.
222 4366 240 4422 1.
258 4386 283 4438 p.
303 4384 328 4439 p.
348 4366 395 4431 aa
414 4365 462 4430 aa
481 4365 522 4418 ao.

259 4469 279 4539 ⁴)
297 4470 328 4525 P.
346 4468 377 4525 u.
395 4469 456 4524 vu.
480 4467 526 4534 13;
547 4468 587 4523 ιι.
606 4468 680 4525 rin.
700 4467 730 4533 e;
751 4465 791 4521 10.
810 4463 856 4520 rx.
876 4464 900 4520 e.
920 4464 993 4520 xru.
1013 4464 1054 4520 ra
