3252 5056
638 359 848 461 -υ,

205 578 238 663 ο)
260 583 342 664 Περὶ
363 584 418 668 τῆς
439 578 624 663 Αἰγυπτίων
646 582 840 665 φιλοσοφίας
861 575 968 662 (Di0g;
991 577 1017 652 Ι,
1042 575 1113 660 10);
1147 577 1230 660 quod
1252 596 1331 660 opus

259 687 463 772 Muellerus¹)
496 687 631 770 primam
664 689 789 770 partem
821 686 1044 764 „historiarum
1077 686 1329 773 Aegyptiarum‘

261 800 379 864 censet.

237 910 371 974 Praeter
398 926 450 973 eos
478 926 556 990 quos
585 906 837 973 enumeravimus
865 905 977 983 libros,
1008 907 1061 990 qui
1082 905 1213 994 genuini
1235 905 1330 974 aesti-

152 1018 262 1086 mandi
284 1021 370 1096 sunt,
393 1017 433 1083 ad
455 1036 511 1084 nos
532 1019 747 1100 pervenerunt
770 1018 828 1082 sub
849 1016 1003 1084 Hecataei
1026 1016 1169 1083 nomine:

239 1134 356 1217 Βιβλία
384 1133 460 1213 περὶ
482 1127 643 1195 Ἰουδαίων
671 1134 723 1197 καὶ
739 1129 901 1218 Ἀβράμου
928 1129 980 1194 vel
1006 1133 1074 1196 κατ’
1089 1125 1252 1219 ’Ἅβραμον
1278 1134 1330 1197 καὶ

154 1242 229 1318 τούς
250 1241 452 1325 Αἰγυπτίους.
496 1238 592 1304 Ηυυο
614 1238 755 1304 libellum
776 1239 897 1322 primus
918 1238 1031 1303 laudat
1052 1238 1203 1321 Iosephus
1214 1238 1253 1323 ²),
1276 1239 1330 1323 qui

154 1351 221 1416 sine
242 1350 308 1415 ullo
331 1347 422 1414 dubio
444 1348 477 1412 id
499 1366 576 1431 opus
600 1349 638 1416 ab
652 1351 813 1414 Hecataeo
836 1348 1044 1432 compositum
1067 1351 1125 1415 aut
1145 1348 1211 1432 ipse
1234 1351 1330 1432 putat

154 1462 211 1526 aut
242 1459 386 1535 simulat;
423 1459 559 1525 eundem
589 1458 705 1524 librum
736 1461 830 1526 affert
864 1460 1016 1527 Eusebius
1026 1460 1071 1543 ⁸),
1107 1459 1161 1543 qui
1196 1463 1228 1526 et
1262 1460 1329 1544 ipse

153 1571 352 1636 Hecataeum
379 1571 604 1652 philosophum
633 1573 795 1635 auctorem
825 1569 984 1636 heinsio
1012 1569 1137 1636 ludaeis
1169 1587 1329 1636 commen·

153 1679 258 1746 tarioli
286 1679 415 1745 iudicat.
460 1678 604 1764 Origines
632 1697 722 1755 vero,
751 1679 822 1762 qui,
850 1680 926 1746 licet
947 1679 1044 1746 fuerit
1065 1679 1237 1746 Clementis
1267 1680 1329 1746 dis-

154 1789 285 1872 cipulus,
309 1789 553 1866 controversias,
580 1791 690 1855 utrum
712 1790 899 1855 Iudaeorum
924 1809 964 1855 an
985 1791 1180 1856 Graecorum
1201 1789 1327 1857 litterae

151 1899 215 1964 sint
237 1897 444 1982 antiquiores,
465 1899 577 1965 missas
597 1899 689 1975 fecit,
722 1898 843 1982 primus
871 1899 995 1966 videtur
1015 1899 1226 1983 perspexisse,
1247 1900 1327 1968 illud

149 2008 304 2075 Hecataei
329 2027 407 2092 opus
436 2009 475 2074 ab
504 2009 620 2078 Iudaeo
651 2028 717 2074 esse
747 2008 934 2084 confictum3
965 2029 1040 2075 nam
1069 2013 1180 2077 contra
1201 2012 1328 2078 Celsum

151 2116 316 2202 disputans
330 2119 440 2186 landet
455 2118 607 2186 Herennii
623 2119 762 2184 Philonis
784 2119 1086 2187 commentationem
1103 2121 1141 2186 de
1156 2122 1326 2206 Iudaeis4).

233 2227 381 2295 Clemens
402 2229 537 2313 deniqne
558 2231 664 2296 noster
679 2231 832 2298 Hecataei
854 2250 970 2297 nomen
993 2233 1041 2296 ter
1063 2230 1211 2316 laudatl)
1233 2231 1326 2316 idque

150 2338 227 2405 satis
250 2339 449 2405 subobscure.
488 2339 548 2405 Sed
571 2339 615 2406 eis
635 2339 711 2422 ipsis
733 2340 835 2407 tribus
856 2341 932 2406 locis
953 2341 1079 2424 planius
1101 2341 1327 2428 cognoscimus,

150 2467 211 2533 quo
238 2448 331 2514 modo
353 2449 493 2515 fontibus
516 2449 579 2515 suis
601 2469 677 2516 usus
699 2449 749 2516 sit.
789 2449 947 2517 Clementi
970 2450 1054 2517 enim
1080 2453 1164 2518 solus
1186 2453 1341 2521 Pseudo.

149 2561 329 2633 Hecataeus
348 2559 410 2625 ‘vel
440 2559 557 2625 rectius
589 2558 654 2625 eius
682 2563 846 2643 excerpta,
878 2579 958 2643 quac
985 2563 1069 2643 apud
1096 2564 1264 2646 Iosephum
1294 2565 1326 2630 et

151 2671 367 2736 Alexandrum
389 2669 622 2753 Polyhistorem
645 2670 826 2746 exstabant,
859 2671 935 2735 nota
957 2673 1049 2736 sunt:
1077 2671 1116 2758 id,
1130 2673 1214 2756 quod
1236 2672 1325 2740 colli-

152 2781 235 2866 gitur
256 2800 293 2846 οι
312 2782 422 2846 strom.
446 2781 484 2855 V,
504 2781 559 2845 14:
584 2781 647 2860 „cic
663 2803 763 2871 φησιν
776 2781 935 2860 Ἑκαταῖος
950 2781 969 2847 δ
985 2781 1039 2858 τοῖς
1058 2775 1197 2870 ἱστορίας
1211 2807 1325 2852 συντα-

133 2881 289 2976 1ξοὶηιιυνος
319 2891 354 2959 ἓν
376 2896 421 2981 τῷ
447 2889 515 2958 κατ’
535 2890 696 2978 Ἄβραμον
726 2896 778 2958 καὶ
802 2886 876 2966 τοδς
897 2893 1126 2977 Αίγυττιίους“;
1156 2893 1211 2960 ubi
1229 2894 1325 2960 affert

222 3063 241 3133 ¹)
259 3065 355 3132 fragm.
375 3064 439 3118 hist.
459 3062 553 3118 Graec.
572 3061 627 3117 vol.
644 3063 678 3117 11.
691 3079 758 3150 pag.
777 3062 836 3118 385.

222 3150 243 3219 ⁹)
262 3149 362 3205 Contra
379 3152 476 3223 Apion.
496 3153 517 3217 I,
537 3152 578 3206 22.
614 3151 725 3220 Antiqu.
744 3152 801 3205 Iud.
820 3153 841 3218 I,
859 3151 884 3206 8.

220 3236 339 3306 11)Ρ,1ι.
367 3238 412 3292 lib.
432 3239 477 3293 IX.
504 3257 526 3293 c.
544 3238 569 3292 4.
596 3256 656 3308 pag.
675 3237 741 3292 408:
764 3237 899 3294 Ἑκαταῖος
923 3235 959 3290 δὲ
978 3239 994 3288 δ
1012 3237 1224 3307 Ἀβδηρίτης,
1251 3237 1324 3309 α’νῆρ

150 3324 366 3394 φιλόσοφος,
392 3325 453 3394 ἅμα
470 3323 517 3376 καὶ
535 3324 601 3396 περὶ
619 3322 668 3381 ταῖς
686 3325 839 3394 πράξεις
866 3326 908 3395 (eo
927 3344 1037 3382 munere
1061 3328 1224 3398 fungebatur
1240 3328 1326 3384 Heca·

150 3418 229 3468 meus
253 3413 323 3485 apud
347 3412 543 3482 Ptolemaeum)
570 3413 735 3468 ἱκανώτατος
758 3411 838 3464 ἰδίαν
856 3413 932 3482 (οἱοὶ)
957 3413 1053 3482 βίβλον
1070 3411 1190 3471 drosela
1207 3415 1240 3482 τῇ
1257 3411 1324 3486 περὶ

149 3498 291 3552 Ἰουδαίων
311 3497 426 3568 ἱστορίᾳ.

224 3587 245 3658 ⁴)
264 3585 422 3650 „uxamae
450 3589 498 3638 τοῦ
527 3588 668 3657 ἱστορικοῦ
695 3585 810 3656 φέρεται
838 3579 908 3659 Περὶ
934 3587 1075 3640 Ἰουδαίων
1099 3587 1215 3657 βιβλίον,
1246 3582 1278 3639 ἐν
1301 3579 1322 3660 ᾧ

150 3675 333 3744 προστίθεται
351 3673 461 3745 μᾶλλον
481 3677 541 3731 πῶς
559 3676 597 3732 οἷς
615 3681 698 3748 σοφῷ
711 3681 748 3749 τῷ
764 3675 846 3730 ἔθνει
858 3673 905 3729 ἐπὶ
918 3679 1057 3741 τοσοῦτον,
1079 3678 1116 3732 τίς
1128 3675 1175 3727 καὶ
1185 3675 1324 3744 Ἑρέννιον

151 3763 259 3816 Φίλωνα
278 3759 311 3814 ἐν
323 3765 360 3834 τῷ
373 3757 442 3830 Περὶ
460 3758 603 3814 ’Ἰουδαίων
622 3764 797 3834 συγγράματι
816 3761 995 3836 πρῶτονμὲν
1012 3763 1212 3835 αμφιβοίλλειν,
1233 3761 1262 3816 εἰ
1276 3766 1323 3816 τοῦ

152 3853 294 3918 ἱστορικοῦ
313 3845 370 3901 ἐστι
387 3848 418 3900 τδ
438 3848 618 3920 σύγγραμμα,
639 3851 776 3918 δεύτερον
792 3848 827 3903 δὲ
841 3850 942 3921 λέγειν,
964 3853 1014 3915 ὅτι,
1035 3853 1116 3921 οἱπερ
1135 3845 1211 3904 ἐστὶν
1229 3847 1322 3914 αὐτοῦ,

149 3935 227 3994 εἰκδς
245 3934 330 3989 αδτδν
349 3936 548 4007 συνηρπάσδαι
570 3935 628 3990 rinei
642 3939 689 4003 τῆς
703 3935 781 4009 παρδ
791 3935 937 3997 ’Ἰουδαίοις
954 3938 1138 4004 πιθανότητος
1155 3937 1202 3991 καί
1220 3955 1323 4007 συγκα-

149 4027 331 4078 τατεθεῖσθαι
350 4022 424 4095 αι’τῷ
442 4028 480 4096 τῷ
500 4023 577 4096 λόγῳ.

222 4113 242 4182 ⁵)
270 4113 367 4168 Strom.
393 4113 432 4178 ΙΙ,
463 4113 504 4167 21.
533 4131 593 4183 pag.
618 4114 684 4169 498:
710 4115 846 4171 Ἑκαταῖος
871 4111 907 4166 δὲ
935 4113 1103 4186 αδτιίρκοιαν
1126 4153 1133 4168 .
1154 4155 1159 4168 .
1181 4154 1186 4167 .
1212 4132 1249 4170 se.
1273 4111 1323 4178 τήν

150 4196 338 4269 εὐδαιμονίαν
356 4195 438 4252 εἶναι.
467 4201 512 4256 lib.
531 4202 578 4267 VI,
608 4202 631 4256 2.
660 4220 720 4272 pag.
741 4203 800 4257 752.
837 4202 1033 4274 Μελησαγόρου
1059 4201 1202 4268 ἔκλεψεν.
1224 4241 1230 4254 .
1249 4237 1256 4252 .
1277 4200 1322 4252 καὶ

149 4289 291 4344 Ἑκαταῖος.
318 4287 363 4342 lib.
382 4289 415 4353 V,
436 4287 476 4342 14.
495 4305 555 4360 pag.
571 4289 629 4343 717.
653 4287 742 4357 ’θμὲν
761 4289 913 4356 Σοφοκλῆς,
935 4291 973 4347 δίς
993 4307 1080 4357 φησιν
1089 4291 1224 4346 Ἑκαταῖος
1240 4290 1255 4341 δ
1274 4287 1323 4347 τοίς

152 4373 278 4441 ἱστορίας
297 4375 503 4444 συνταξάμενος
521 4373 555 4428 ἐν
573 4379 609 4450 τῷ
628 4378 686 4430 κατ’
698 4377 839 4450 Ἀβραμον
857 4379 903 4432 καί
922 4378 983 4438 τούς
1000 4379 1171 4450 Αἰγυπτίους,
1192 4378 1322 4453 ἄντικρυς

150 4455 198 4512 ἐπὶ
215 4465 260 4524 τῆς
278 4465 381 4527 σκηνῆς
399 4456 492 4531 ἐκβοᾷ.
