3252 5056
727 385 747 451 5

634 477 844 486 ————.-—

150 600 309 688 farragine
337 602 425 684 quasi
463 602 653 688 margaritas
685 602 840 668 extraxit‘
855 602 878 685 ¹)
912 603 1020 667 tamen
1053 639 1092 648 -
1122 601 1218 668 liceat
1249 587 1325 668 mihi

150 711 298 797 Lagardii
318 712 455 795 verbis2)
479 713 582 779 uti-
605 712 679 789 „wir
702 712 772 777 sind
793 711 836 778 im
858 729 986 796 grossen
1010 711 1076 776 und
1093 732 1214 798 ganzen
1237 712 1325 779 nicht

149 821 257 886 weiter
285 823 335 888 111
352 823 406 888 wir
435 839 471 888 11
496 824 639 899 Potters,
664 821 944 908 bezichungsweise
973 842 1010 887 zu
1041 821 1193 909 Sylburgs
1215 823 1324 890 Zeiten

148 940 287 997 waren.“
961 935 963 942 ’

236 1042 420 1108 Teubnerus
438 1043 581 1128 denique,
596 1041 762 1125 bibliopola
779 1042 958 1124 Lipsiensis,
975 1025 1162 1128 indicaviti)
1182 1045 1246 1109 iam
1270 1046 1325 1110 ab·
1356 1052 1358 1058 ’

149 1151 223 1216 hinc
239 1153 416 1235 complures
439 1173 539 1219 annes
559 1152 591 1218 in
615 1172 671 1217 sua
689 1152 816 1218 officina
836 1171 949 1218 novam
965 1152 1135 1220 Clementis
1157 1155 1324 1220 editionem

148 1261 256 1345 parari
289 1263 470 1330 auctoribus
497 1263 599 1329 Hiller
634 1265 666 1328 et
697 1264 867 1329 Naumann
904 1264 1044 1329 omnium
1077 1265 1326 1347 exspectationes

150 1374 366 1456 expleturum:
390 1394 484 1458 quam
506 1373 720 1439 recensionem
742 1373 832 1439 hodie
855 1392 953 1455 usque
975 1374 1219 1442 desideramus

235 1483 441 1550 Pervenimus
470 1484 509 1550 ad
537 1484 671 1550 alteram
700 1484 850 1567 prooemii
879 1483 978 1549 nostri
1005 1488 1147 1568 partem,
1176 1487 1326 1570 quaeest

147 1594 290 1660 recensio
312 1594 480 1671 librorum,
510 1595 620 1678 quibus
651 1594 688 1659 de
719 1594 907 1677 compilandi
928 1595 1049 1661 ratione
1071 1596 1271 1662 Clementina
1294 1597 1326 1662 et

150 1705 189 1769 de
218 1704 284 1769 eius
311 1705 452 1770 fontibus
479 1706 529 1771 vel
558 1704 738 1769 auctoribus
766 1704 962 1786 disputatur:
993 1706 1046 1770 sed
1074 1705 1224 1789 perpauci
1251 1707 1326 1770 sunt

148 1813 296 1897 tardique
324 1813 387 1880 rari
415 1815 561 1880 fluentes.
607 1813 737 1880 Omissis
765 1813 809 1879 eis
835 1814 921 1878 libris
950 1815 1003 1898 qui
1031 1815 1126 1881 solius
1149 1814 1325 1900 theologiae

148 1923 306 1991 rationem
329 1925 447 1990 habent
465 1925 538 2010 (cfr.
556 1923 701 1990 Nirschl:
725 1923 944 2010 Patrologiel.
961 1945 1028 1990 11.
1045 1925 1204 2007 Clemens)
1224 1924 1325 2008 primo

148 2037 219 2100 loeo
252 2033 464 2101 adsumendae
506 2035 582 2100 1111
613 2035 679 2099 1111
711 2033 945 2100 dissertationes
974 2035 1098 2102 Nicolai
1128 2036 1157 2099 le
1187 2035 1326 2118 Ncurry,

151 2144 323 2210 doctissimi
336 2145 482 2211 monachi
494 2143 691 2210 Benedictini
707 2163 743 2210 er
758 2143 1002 2230 congregatione
1019 2143 1076 2210 Sti.
1093 2144 1206 2221 Mauri,
1223 2144 1326 2210 editae

149 2256 183 2321 11
206 2257 359 2338 apparatu
383 2256 423 2321 ad
444 2255 664 2320 bibliothecam
686 2255 854 2322 maximam
877 2257 1020 2322 veterum
1034 2257 1169 2322 Petrum
1185 2253 1327 2340 (Parisiis

154 2365 262 2447 1703).
305 2367 373 2432 Has
402 2365 651 2441 dissertationes,
682 2382 769 2448 quae
792 2385 906 2442 „cursu
928 2365 1151 2451 Patrologiae“
1181 2364 1326 2451 integrae

153 2476 366 2552 continentur,
389 2475 570 2541 Dindorfius
593 2475 1192 2557 ,111111111111111111111111111111*
1215 2477 1327 2557 quarto

153 2607 229 2654 1111
245 2586 389 2652 editionis
405 2585 554 2651 volumini
574 2584 722 2650 inseruit:
744 2586 893 2667 pleraque
910 2604 989 2667 quae
1010 2583 1047 2648 iis
1064 2585 1327 2666 disputationibus

153 2699 334 2764 tractantur
367 2697 468 2763 multo
501 2695 646 2760 subtilius
676 2714 694 2760 a
725 2693 951 2759 recentioribus
978 2693 1138 2758 illustrata
1165 2694 1327 2759 habemus.

152 2813 202 2876 De
219 2807 390 2874 Clementis
412 2824 485 2872 vero
508 2823 637 2888 operum
660 2803 800 2870 fontibus
823 2807 855 2899 et
871 2801 987 2889 origine
1009 2802 1082 2867 inde
1101 2821 1140 2867 ne
1162 2802 1327 2868 tantillum

154 2918 278 3003 quidem
308 2916 469 2983 discimus:
498 2915 618 2981 indoles
651 2913 764 2980 aetatis
791 2913 875 2979 illius
908 2915 941 2978 et
972 2911 1135 2994 disciplina
1167 2932 1185 2978 1
1213 2912 1328 2978 1111111

153 3027 266 3094 studiis
295 3026 492 3092 abhorrebat.
544 3025 669 3090 Primus
699 3025 757 3090 hac
785 3023 817 3089 in
850 3043 884 3088 re
916 3025 1040 3087 rectum
1070 3021 1146 3087 vidit
1178 3025 1210 3088 et
1241 3022 1330 3108 quasi

155 3157 269 3204 novam
292 3137 374 3203 viam
404 3137 529 3221 aperuit
549 3135 772 3221 indagantibus
801 3135 907 3198 fontes
928 3131 1143 3198 Clementinos
1164 3133 1228 3198 lam
1251 3133 1329 3198 duo·

155 3247 255 3314 decim
271 3247 361 3314 annis
379 3251 453 3314 ante
468 3245 642 3315 Nourrium
656 3243 829 3311 Richardus
839 3241 1018 3310 Bentleius:
1040 3241 1073 3306 in
1089 3240 1223 3326 epistula
1245 3243 1329 3309 enim

153 3358 195 3424 ad
216 3358 352 3425 Millium
375 3377 457 3423 anno
482 3361 557 3423 1691
587 3356 697 3437 (11114)
721 3352 787 3440 agit
804 3351 967 3419 Bentleius
990 3352 1028 3416 de
1052 3351 1212 3434 Sophoclis
1232 3352 1329 3420 versi-

156 3469 214 3532 bus
242 3487 279 3534 11
300 3468 600 3534 Pseudo-Hecataeo
631 3463 834 3530 aClemente
863 3462 1019 3537 laudatis,
1050 3460 1161 3544 quibus
1183 3461 1328 3528 Clemens

157 3579 359 3660 comprobare
382 3556 491 3661 vorot)
512 3579 544 3641 et
565 3577 648 3659 ipsos
672 3577 810 3643 Graecos
838 3573 930 3639 unius
954 3572 1003 3638 dei
1025 3570 1169 3654 opinione
1189 3571 1328 3636 imbutos

157 3708 241 3765 esse3
263 3687 435 3754 rectissime
457 3686 554 3772 igitur
569 3685 788 3780 sagacissimus
803 3684 929 3749 criticus
951 3682 1128 3765 suspicatur
1150 3682 1206 3746 hos
1222 3701 1329 3748 versus

231 3956 250 4024 ¹)
269 3956 378 4010 Scilicet
401 3976 449 4028 pro
474 3976 523 4012 suo
548 3957 671 4011 arbitrio:
699 3973 761 4008 narn
786 3955 814 4008 in
837 3952 1055 4008 adnotationibus
1076 3951 1207 4006 Dindorfii
1229 3951 1331 4021 optima

158 4061 280 4114 quaeque
296 4046 479 4114 proximorum
497 4045 665 4100 saeculorum
683 4043 830 4096 editoribus
849 4040 986 4095 debentur.

231 4132 251 4201 ²)
269 4133 287 4188 1.
305 4133 322 4188 l.
341 4151 402 4202 pag.
422 4134 462 4190 24.

232 4220 252 4288 ³)
271 4219 461 4289 Mitteilungen
480 4222 528 4275 der
543 4218 799 4288 Verlagshandlung
817 4235 871 4270 von
889 4216 1020 4270 Teubner.
1039 4215 1088 4268 No.
1100 4215 1121 4280 Ι,
1139 4232 1199 4283 pag.
1212 4213 1234 4267 l.
1255 4213 1330 4268 1885.

231 4307 252 4377 ⁴)
270 4307 371 4361 Addita
389 4313 432 4362 est
449 4309 517 4363 haec
535 4307 652 4379 epistula
675 4304 919 4375 chronographicae
938 4302 1046 4357 Ioannis
1064 4301 1179 4356 Malalae
1204 4301 1244 4354 ed.
1268 4299 1331 4354 Din-

160 4396 227 4450 dorf.
263 4397 372 4450 Bonnae
392 4395 467 4450 1831.

233 4482 253 4551 ⁶)
272 4483 368 4538 Strom.
386 4502 446 4556 pag.
467 4484 525 4538 717.
545 4483 586 4538 ed.
605 4482 677 4537 Pott.
