3252 5056
678 320 886 421 -υ,

183 537 308 620 sophiae
327 538 444 615 dedito,
463 557 536 603 cum
546 538 704 605 Numenio
716 539 897 622 apamensi,
921 541 1003 606 teste
1014 538 1155 624 Diogene
1166 538 1291 605 Laertio
1303 541 1359 617 IX,

183 651 256 713 102.
272 647 455 731 antiquioris
468 647 682 730 Scepticorum
699 647 879 731 disciplinae
897 651 1062 724 sectatore,
1080 646 1156 712 nihil
1171 646 1229 712 nisi
1243 665 1358 714 nomen

182 776 350 823 commune
373 760 421 823 est
435 758 470 841 ¹).
505 762 552 825 Ex
574 757 640 823 eius
662 758 777 835 studio,
799 758 943 824 Platonis
965 761 998 824 et
1019 758 1219 843 Pythagorae
1240 737 1359 841 placita

183 866 371 932 conciliandi
399 869 654 950 Graecorumque
688 866 918 950 philosophiam
949 869 989 934 ad
1017 869 1150 934 Iudaeos
1179 866 1357 944 revocandi,

182 997 219 1043 ex
239 996 274 1043 eo
295 977 439 1060 denique,
459 977 541 1061 quod
558 965 732 1043 identidem
748 977 864 1060 repetit
883 977 965 1042 illud
978 981 1145 1067 „Modcqr
1160 977 1359 1062 δττοκίζωυίῑ,

182 1107 258 1152 sano
287 1090 373 1153 corte
403 1086 516 1152 iudicio
545 1086 696 1169 suspicari
722 1087 798 1152 licet
821 1090 998 1170 complures
1020 1087 1192 1155 Clementis
1213 1087 1299 1152 locos
1321 1105 1357 1154 ex

181 1196 410 1264 sententiarum
442 1196 608 1263 concordia
638 1196 678 1262 ad
704 1197 795 1262 illurn
821 1197 1041 1280 philosophum
1066 1196 1248 1262 referendos
1270 1215 1357 1268 esse:

178 1306 321 1390 inprimis
337 1309 446 1373 strom.
468 1306 522 1372 lib.
536 1309 562 1382 I,
580 1311 635 1382 153
651 1311 702 1372 25.
724 1306 777 1372 lib.
794 1308 836 1383 ll,
857 1311 913 1383 183
930 1311 980 1372 22.
1014 1306 1066 1372 lib.
1085 1308 1124 1383 V,
1140 1311 1169 1372 5.
1191 1306 1244 1373 lib.
1258 1309 1312 1384 VI,
1328 1312 1356 1374 3.

180 1418 260 1484 (lum
283 1417 349 1482 eius
371 1417 441 1481 libri
462 1418 589 1500 praeter
611 1435 729 1500 paucas
751 1416 897 1500 reliquias
915 1417 1010 1498 plane
1027 1416 1115 1482 nobis
1128 1415 1357 1497 interciderint,

180 1527 248 1592 fieri
271 1545 333 1592 non
354 1528 470 1610 potest,
493 1529 531 1591 ut
553 1526 677 1611 singule
699 1545 936 1611 persequamur.

263 1640 294 1702 4.
327 1639 499 1720 Eupolemo
534 1654 649 1702 nomeu
683 1637 829 1702 Clemens
862 1635 908 1701 bis
939 1635 1052 1700 laudat
1082 1635 1114 1700 in
1149 1637 1270 1704 curiosa
1302 1639 1357 1708 illa

180 1749 358 1829 temporum
380 1745 502 1811 ratione
525 1749 634 1812 strom.
657 1748 679 1811 l.
697 1747 722 1822 Ι,
739 1750 790 1814 21.
812 1765 885 1831 pag.
900 1748 982 1812 404:
1005 1746 1073 1828 „irc
1094 1749 1131 1814 δε
1154 1753 1205 1816 καὶ
1226 1748 1358 1818 Erind-

179 1860 300 1941 λομος
322 1855 356 1923 ἓν
377 1862 417 1941 τῇ
440 1856 562 1949 ὁμοίᾳ
585 1864 846 1948 πραγματείᾳ
868 1855 924 1936 (aci
942 1860 1020 1945 περὶ
1041 1857 1209 1947 τῶυὲυυῇ
1225 1858 1358 1954 Ἰουδαίᾳ

177 1964 352 2051 βασιλέων)
376 1965 415 2031 τοὶ
437 1967 544 2033 πάντα
567 1967 621 2058 ἔτη
644 1967 733 2035 καλ.“
757 1967 790 2032 et
811 1965 864 2030 lib.
887 1965 913 2042 Ι,
935 1970 987 2031 23.
1009 1983 1082 2050 pag.
1105 1970 1185 2044 413,
1213 1970 1266 2034 ubi
1287 1969 1357 2037 libri

178 2075 309 2141 uturum
347 2075 458 2139 affert:
495 2075 741 2162 Εὐπόλεμος
770 2080 806 2144 δὲ
838 2076 881 2144 ἐν
915 2081 967 2163 τῷ
1001 2079 1097 2159 περὶ
1127 2083 1206 2146 τῶν
1238 2079 1280 2147 ἓν
1309 2089 1357 2170 τῇ

177 2185 346 2277 Ἰουδαίᾳ
367 2187 568 2272 βασιλέων
589 2185 651 2253 adv
663 2188 752 2254 Μωῦ
758 2193 820 2276 σίγα
842 2207 922 2276 φησι
938 2190 1070 2268 πρῶτον
1083 2187 1190 2274 σοφδυ
1204 2193 1357 2274 γενέσθαι

177 2301 229 2363 καὶ
250 2293 507 2385 γραμματυκήυἸ)
532 2303 665 2382 πρῶτον
686 2307 755 2372 τοῖς
776 2297 938 2371 Ἰουδαίοις
960 2299 1169 2382 παραδοῦναί,
1194 2303 1247 2367 καὶ
1267 2302 1357 2388 παραὶ

178 2409 335 2474 Ιουδαίωυ
351 2414 500 2481 Φοίνικας
524 2406 898 2496 παραλαβεῖν,Ἕλληυας
921 2407 956 2474 δὲ
980 2407 1068 2491 παρα
1090 2415 1257 2476 Φοινίκων.
1287 2412 1356 2475 Ηοο

177 2515 273 2602 igitur
311 2517 380 2581 loeo
411 2515 604 2597 Eupolemus
645 2515 807 2581 contendit
839 2517 971 2600 Moysen
1006 2515 1187 2582 litterarum
1221 2519 1355 2587 formam

177 2624 343 2701 invenisse,
366 2645 444 2708 ques
466 2625 640 2690 Phoenices
664 2627 696 2689 et
719 2625 832 2691 Graeci
855 2626 893 2689 ab
915 2624 1040 2691 Iudaeis
1063 2627 1220 2694 discerent
1230 2629 1268 2711 3).
1308 2635 1354 2699 Ex

179 2734 239 2811 eis,
268 2753 346 2818 quae
375 2736 536 2817 hucusque
568 2735 605 2800 de
633 2736 807 2817 Eupolemo
837 2734 1081 2818 disputavimus,
1110 2737 1222 2804 merito
1256 2740 1356 2805 conici

178 2863 268 2927 posse
286 2843 419 2921 uidetur,
443 2831 516 2909 eum
538 2863 602 2910 non
626 2845 727 2909 solum
750 2861 859 2910 revera
880 2845 1032 2911 Iudaeum
1054 2845 1160 2923 fuisse,
1183 2849 1238 2913 sed
1251 2848 1354 2931 ipsum

179 2974 236 3020 suo
258 2953 336 3020 libro
360 2954 512 3040 originem
535 2956 696 3021 occultare
718 2955 844 3020 omnino
867 2972 930 3019 non
953 2954 1119 3022 studuisse.

263 3067 308 3130 At
324 3066 423 3141 locus,
447 3064 500 3148 qui
522 3067 627 3132 exstat
645 3065 729 3147 apud
746 3066 961 3149 losephum⁴),
985 3065 1198 3134 contradicere
1214 3068 1354 3139 videtur:

253 3287 273 3358 ¹)
300 3288 347 3342 cfr.
376 3287 486 3344 Suidam
513 3305 535 3342 s.
554 3305 580 3342 v.
609 3287 773 3344 Numenius:
801 3283 982 3357 „Nooparivcoc'
1006 3286 1142 3359 Ἀπαμεδς
1169 3289 1227 3344 dno*
1253 3292 1354 3364 Συρίας

179 3374 338 3445 φιλόσοφος
357 3373 560 3443 Πυθαγόρειος.
598 3364 681 3430 Οὗτός
700 3367 775 3425 ἐστιν
795 3374 811 3424 δ
828 3373 876 3440 τήν
896 3377 943 3427 τοῦ
964 3379 988 3425 Π
992 3375 1031 3427 λα’
1038 3394 1150 3434 curvor
1167 3375 1354 3450 ἐξελέγξας

180 3463 369 3525 διάνοιαν,
398 3463 436 3518 alc
460 3457 491 3513 ἐκ
517 3464 572 3513 τῶν
596 3462 754 3514 Μωσαῖκῶν
780 3461 815 3513 roi
839 3462 905 3532 περὶ
931 3464 1001 3514 Θεοῦ
1025 3462 1072 3514 καὶ
1089 3464 1196 3534 κόσμου
1215 3464 1354 3533 γενέσεως

178 3547 395 3613 coccolleum
422 3547 469 3601 καὶ
495 3546 546 3600 διδ
573 3549 652 3602 τοῦτό
683 3563 759 3618 φησι·
795 3587 815 3613 ,,
823 3549 854 3601 Τί
878 3550 935 3620 γάρ
963 3547 1020 3602 ἐστι
1049 3549 1162 3602 Πλάτων
1187 3551 1203 3617 ἢ
1233 3555 1354 3619 Merops

179 3634 365 3700 α’ττικίζιυν,·“
1379 3692 1380 3696 ,

251 3723 271 3791 ¹)
291 3723 391 3778 (lobeto
409 3723 520 3778 Eusebii
538 3724 673 3794 scriptura
690 3722 888 3793 ,,γρα’μμαια“
904 3725 1102 3779 -litterarum
1115 3727 1243 3779 notae-
1265 3729 1353 3796 magis

178 3812 287 3878 arridet,
307 3813 379 3881 quod
395 3811 573 3882 γραμματική
593 3811 761 3880 disciplinam
779 3809 970 3880 philologicam
987 3811 1131 3879 significet.

251 3899 271 3966 ⁸)
290 3899 332 3953 Ita
343 3901 372 3953 et
388 3900 447 3970 ipse
459 3897 583 3951 Clemens
598 3897 705 3966 copiosa
720 3898 910 3955 dissertatione
922 3901 1015 3954 strom.
1035 3899 1107 3966 1‚16.
1124 3917 1184 3972 pag.
1196 3900 1351 3960 361..-367.

179 3989 274 4043 docere
287 3987 354 4042 vuit.
372 3987 437 4048 „du
456 3982 490 4037 ου’
505 3984 596 4053 μόνης
609 3983 787 4052 φιλοσοφίας,
808 3983 879 4037 alls
897 3985 943 4037 καὶ
961 3985 1077 4051 πάσης
1095 3986 1207 4056 υγυδδυ
1224 3987 1353 4060 τέχνης

178 4071 290 4144 εὑρεταὶ
311 4074 449 4143 βάρβαροι
472 4074 500 4144 (i
519 4091 542 4131 e.
567 4069 714 4141 Ἰουδαῖοι).
751 4073 805 4128 (lfr.
828 4075 879 4129 Ios.
906 4093 927 4129 c.
952 4074 1048 4144 Apion.
1067 4076 1084 4130 1.
1105 4077 1124 4130 l.
1151 4094 1172 4130 c.
1194 4079 1216 4132 1.
1252 4079 1350 4137 Euseb.

113 4179 117 4190 ’
177 4164 207 4217 Ρ.
226 4161 257 4215 Ε.
275 4164 292 4218 l.
311 4162 345 4217 X.
365 4179 386 4216 c.
400 4163 424 4216 5.
452 4163 587 4216 Nonnulla
597 4161 737 4232 Eupolemi
756 4163 908 4229 fragmenta
925 4163 1101 4230 inveniuntur
1117 4165 1188 4234 apud
1205 4165 1351 4222 Eusebium

177 4253 194 4307 l.
213 4252 230 4306 l.
250 4251 296 4316 IX,
318 4250 358 4304 17.
377 4250 418 4304 26.
439 4251 550 4306 30-34.
583 4250 697 4305 Mueller
715 4249 732 4304 l.
751 4250 769 4306 1.
788 4251 835 4304 ΙΙΙ.
854 4270 914 4326 pag.
934 4254 985 4307 206
1003 4270 1062 4328 sqq.
1097 4253 1279 4315 Fraudenth'ei
1296 4255 1313 4314 l.
1332 4257 1349 4318 l,

177 4358 237 4410 pag.
256 4340 298 4405 82,
319 4339 376 4393 117.

249 4430 270 4500 ⁴)
288 4429 389 4486 Contra
406 4425 502 4501 Apion.
522 4428 542 4495 Ι,
562 4427 603 4486 23.
