3252 5056
860 367 902 435 32

287 594 398 660 bulum
420 594 532 677 quater
557 591 683 656 tantum
713 589 858 656 nominat
885 588 979 672 idque
1002 589 1091 672 quasi
1113 589 1214 657 verbis
1236 591 1346 658 tectis:
1378 593 1471 678 atqui

288 701 493 768 Clementinis
511 700 596 765 libris
619 699 742 782 copiosa
756 699 929 766 Aristobuli
945 699 1125 786 fragmenta
1148 721 1314 784 suppresso
1330 704 1473 770 auctoris

289 812 416 880 nomine
443 811 563 877 inserta
598 829 663 875 esse
697 829 792 892 supra
822 809 1124 888 demonstravimus,
1155 831 1234 895 quae
1266 833 1304 880 ex
1332 815 1472 880 Eusebio

289 922 489 988 Aristobulea
524 921 775 1008 cognoscuntur3
815 919 923 1004 itaque
957 921 1148 987 contendere
1180 941 1242 988 non
1275 923 1470 1001 dubitamus,

287 1035 437 1114 pleraque
454 1050 534 1113 quae
555 1030 774 1098 inclementis
796 1030 920 1113 scriptis
937 1031 977 1096 ad
994 1032 1187 1098 Graecorum
1211 1031 1346 1107 litteras,
1369 1036 1471 1112 artes,

289 1142 509 1226 antiquitates,
539 1141 766 1224 philosophiam
793 1141 993 1216 referuntur.
1025 1141 1130 1206 deberi
1157 1141 1229 1206 huic
1252 1143 1467 1210 eruditissimo

287 1255 421 1329 Iudaeo,
463 1251 517 1336 qui
545 1251 684 1334 priorum
714 1250 914 1317 falsariorum
947 1251 1041 1316 libros
1079 1251 1246 1337 diligenter
1282 1257 1470 1321 excusserat

287 1367 383 1447 atque
406 1362 639 1445 compilaverat.

373 1480 402 1542 9.
434 1475 578 1542 Exeunte
601 1471 710 1536 nostra
730 1469 884 1536 relatione
912 1472 1012 1536 restat
1035 1470 1133 1546 nobis,
1155 1472 1192 1536 ut
1215 1472 1252 1537 dc
1273 1475 1467 1546 Ateaoadro

288 1587 508 1671 Polydectem,
560 1599 652 1664 quem
689 1579 835 1645 Clemens
878 1599 1102 1663 saepenumero
1149 1581 1294 1648 adhibere
1337 1563 1423 1653 solet
1443 1588 1466 1670 ¹)

287 1696 362 1781 quid
395 1693 585 1768 sentiamus,
618 1690 726 1772 paucis
756 1709 968 1773 exponamus;
1005 1709 1067 1773 qua
1095 1690 1126 1756 in
1159 1710 1193 1757 re
1217 1693 1315 1760 vitam
1336 1695 1460 1762 Corneli

287 1803 460 1872 Alexandri
491 1800 697 1886 Polyhistoris
713 1799 758 1884 Β),
797 1801 862 1866 eius
894 1801 990 1866 libros
1023 1800 1204 1878 historicos,
1246 1804 1464 1891 periegeticos‚

286 1913 526 2004 grammaticos,
560 1909 788 1994 philosophicos
822 1910 931 1977 missos
961 1909 1110 1987 facimus,
1148 1911 1221 1977 solis
1257 1921 1354 1999 „71th
1389 1918 1466 1984 Ίοο-

287 2028 405 2096 δαίονιί
424 2021 667 2097 commentariis,
690 2020 800 2104 quibus
815 2019 1083 2097 „luculentissime
1109 2021 1312 2088 sedulitatem
1333 2045 1466 2109 excerp·

286 2136 363 2203 toris
388 2133 544 2201 ostendit‘·
557 2133 594 2215 Β),
618 2130 760 2196 contenti
774 2150 894 2195 sumus.
939 2133 986 2195 Ac
1006 2129 1144 2212 primum
1165 2132 1292 2213 quidem
1312 2134 1344 2199 in
1368 2155 1406 2202 ea
1430 2159 1466 2203 re

287 2243 484 2316 diiudicanda
502 2241 673 2325 quaeritur,
696 2245 805 2306 utrum
819 2239 865 2304 illi
885 2241 923 2305 de
936 2241 1071 2308 Iudaeis
1088 2244 1307 2309 commentarii
1322 2246 1464 2314 Alexan·

287 2358 342 2423 dro
372 2351 563 2439 Polyhistori
594 2349 791 2416 abiudicandi
821 2352 854 2414 et
884 2350 1001 2416 Iudaeo
1036 2351 1162 2418 cuidam
1197 2352 1324 2420 falsario
1358 2357 1464 2425 nobile

199 2519 201 2530 .
286 2486 400 2534 nomen
415 2463 549 2531 mentito
563 2460 721 2526 tribuendi
738 2459 811 2530 sint.
835 2481 874 2525 an
897 2461 1055 2527 referendi
1070 2463 1102 2528 in
1123 2484 1291 2530 numerum
1311 2467 1461 2536 librorum

292 2574 570 2662 periegeticorum‚
598 2572 681 2655 quod
710 2569 890 2636 litterarum
918 2590 1019 2656 genus
1038 2573 1322 2642 Alexandrinorum
1352 2581 1462 2646 studiis

288 2689 404 2755 mirum
427 2685 582 2769 quantum
604 2680 825 2764 respondebat.

375 2793 580 2876 Muellerus4)
593 2794 625 2857 et
635 2790 882 2875 meulentnan)
894 2790 965 2856 illos
977 2793 1218 2861 commentarios
1234 2797 1272 2862 ab
1280 2799 1464 2867 Alexandro

360 2991 380 3062 ι)
399 2987 462 3054 „Tri
481 2985 517 3040 δὲ
537 2987 667 3056 πάγκαλα
685 2989 767 3038 ταῦτα
785 2986 876 3038 πάντα
896 2987 912 3038 o‘
929 2986 1037 3057 Κλήμης
1054 2988 1272 3059 μεταγέγραφεν
1291 2985 1321 3042 ἐκ
1338 2993 1396 3044 τῶν
1415 2999 1463 3047 τοῦ

288 3078 531 3145 τιολοΐοτορος
555 3074 804 3144 Ἀλεξάνδρου.
836 3065 917 3131 Οὗτος
932 3061 982 3126 οὖν
1002 3073 1077 3128 ἐστιν
1093 3077 1108 3127 d
1125 3074 1302 3149 Ἀλέξανδρος
1320 3080 1336 3129 d
1353 3080 1420 3137 τούς
1435 3097 1465 3133 τε

288 3164 467 3236 Εὕαολέμοος
485 3163 532 3216 καὶ
549 3162 613 3220 τούς
630 3161 816 3234 ’Ἀρταπάνης
835 3159 880 3214 καὶ
898 3160 962 3219 τούς
981 3161 1148 3231 Δημητρίους
1172 3162 1217 3215 καὶ
1235 3163 1300 3222 τούς
1317 3164 1465 3233 Ἄριοτείας

291 3253 341 3306 οὐκ
367 3249 423 3305 old'
450 3252 560 3303 ὁπόθεν
586 3248 723 3319 α’νορύξας
747 3249 793 3301 καὶ
817 3250 923 3306 τούτοις
952 3249 1091 3317 προσθεὶς
1120 3248 1153 3301 ui
1178 3251 1302 3315 δύστηνα
1325 3253 1465 3322 ποιήματα

290 3342 338 3392 τοῦ
365 3357 395 3392 τε
424 3338 545 3395 Φίλωνος
574 3337 621 3390 καὶ
653 3337 791 3389 &cadriaco
825 3335 871 3387 καὶ
898 3334 961 3393 τούς
989 3339 1037 3388 τοῦ
1063 3335 1216 3401 Ἑζεκιήλοο
1243 3339 1464 3407 καταγελάστους

287 3426 436 3498 ἰάμβοος“.
474 3426 559 3481 Cobet
578 3432 609 3476 Λ.
629 3425 660 3480 Ε.
679 3443 739 3496 pag.
760 3426 817 3480 170.
837 3425 884 3478 cir.
903 3443 929 3494 p.
947 3443 973 3495 p.
991 3425 1052 3480 462.
1070 3425 1130 3480 463.

362 3518 382 3587 ⁹)
408 3518 480 3573 Suet.
500 3516 533 3568 dc
551 3514 588 3569 ill.
607 3506 691 3582 gram.
716 3531 737 3567 c.
758 3512 808 3567 20:
848 3512 988 3583 „Hyginus
1013 3555 1019 3566 .
1040 3555 1072 3567 ..
1098 3513 1220 3570 imitatus
1242 3518 1286 3570 est
1307 3515 1462 3572 Cornelium

288 3606 486 3669 Alexandrum,
514 3602 719 3670 grammaticum
743 3600 889 3665 Graecum,
917 3617 997 3668 quem
1015 3602 1125 3671 propter
1146 3603 1318 3671 antiquitatis
1335 3606 1462 3659 notitiam

286 3696 479 3762 Polyhistcrem
505 3689 598 3754 multi,
626 3688 735 3756 quidam
759 3689 912 3740 Historiam
934 3689 1090 3743 vocabant.“
1132 3689 1199 3745 Eius
1223 3693 1322 3758 vitam,
1350 3693 1462 3762 scripta,

285 3783 439 3849 fragmenta
456 3778 512 3831 vid.
531 3776 602 3846 apud
620 3774 793 3829 Muellerum:
812 3775 908 3842 fragm.
928 3775 992 3829 hist.
1012 3775 1105 3831 Graec.
1125 3779 1171 3833 ΙΙΙ.
1191 3796 1251 3849 pag.
1271 3779 1418 3834 eoo-244.

359 3867 380 3935 ⁸)
399 3865 514 3920 Mueller
532 3863 550 3918 l.
569 3864 587 3917 l.
605 3881 631 3932 p.
651 3860 715 3916 207:
754 3861 836 3928 „liber
855 3864 896 3916 De
913 3865 1035 3933 Iudaeis,
1060 3865 1105 3933 qui
1123 3867 1211 3932 totus,
1236 3869 1267 3920 ut
1285 3867 1406 3933 videtur,
1426 3885 1464 3921 ex

285 3954 443 4009 centonibus
463 3953 603 4006 auctorum
622 3948 868 4003 diversissimorum
893 3948 1042 4017 (Aristeae,
1067 3951 1211 4022 Artapani,
1236 3952 1384 4020 Cleodemi,
1409 3954 1465 4009 De-

283 4042 381 4108 metrii,
394 4039 544 4112 llupolemi‚
557 4037 682 4103 Molonis,
696 4035 872 4102 Timocharis,
890 4037 1040 4109 Theophili,
1058 4040 1180 4096 Philonis
1195 4045 1299 4111 poetae,
1318 4043 1462 4109 Theodoti,

283 4127 446 4197 Ezechielis)
465 4127 667 4181 consarcinatus
686 4123 767 4180 erat⁴¹

355 4215 376 4284 ⁴)
393 4214 509 4268 Mueller
526 4213 544 4268 l.
562 4213 580 4268 l.
599 4231 660 4284 pag.
680 4211 739 4266 209.

354 4301 375 4371 ⁵)
393 4301 549 4356 Alexander
566 4300 723 4371 Polyhistor
741 4298 766 4353 S.
779 4298 842 4352 182:
871 4296 942 4364 ‚Der
956 4298 1087 4354 Sammler
1105 4302 1154 4356 hat
1169 4303 1258 4358 Jndcn
1277 4304 1331 4357 und
1344 4302 1462 4371 Heiden,

281 4389 434 4444 Palestiner
458 4388 513 4442 und
536 4388 733 4452 Samaritaner,
761 4384 931 4440 Hellenisten
957 4388 1013 4440 und
1035 4388 1166 4458 Hellenen
1191 4390 1463 4458 zusammengeilihrt

281 4477 336 4531 und
348 4495 379 4532 so
389 4476 560 4544 Gegensttze
572 4475 715 4544 vereinigt,
735 4475 776 4528 die
791 4489 844 4526 nur
849 4472 900 4550 tur
918 4472 997 4526 einen
1007 4473 1143 4531 Heiden
1160 4476 1339 4532 unvereinbar
1352 4493 1461 4545 waram
