3252 5056
755 367 796 434 41

308 588 447 679 ’Όμηρος
463 589 512 656 δὲ·
633 649 636 654 ,

217 698 440 788 ’ἑβδομάτῃ
463 697 492 767 δ’
514 698 627 764 ἔπειτα
648 697 832 764 κατάλυθεν
854 695 942 781 ἱεράν
962 685 1056 785 ἦμαρ·
1080 761 1083 769 ,

314 835 366 875 και

231 917 383 1008 ἑβδόμη
406 908 447 1005 ἦν
468 919 554 1007 app

315 1031 367 1093 καὶ
389 1027 488 1095 πάλιν

230 1135 406 1221 ἕβδομον
426 1129 513 1228 ἦμαρ
536 1139 602 1228 ἔην,
623 1142 675 1206 καὶ
696 1145 741 1227 τῷ
761 1140 929 1208 τετέλεστο
948 1140 1089 1206 ἅπαντα.

314 1251 365 1313 καὶ
386 1237 498 1326 αὖθις·

230 1358 389 1446 ἑβδομάτῃ
414 1361 442 1423 δ’
465 1358 521 1444 ἠοῖ
540 1361 680 1440 λίπομεν
702 1358 778 1446 ῥόον
800 1358 835 1438 ἐξ
856 1357 1053 1445 Ἀχέροντος·

314 1472 367 1534 καὶ
388 1468 453 1556 μὴν
475 1473 526 1535 καὶ
549 1471 750 1552 Καλλίμαχος
772 1467 791 1532 o‘
813 1467 950 1557 ποιητής
972 1468 1100 1552 γράφοι·

230 1577 390 1667 ἑβδομάτῃ
413 1577 447 1644 δ’.
463 1577 519 1666 ηὀῐ
537 1581 588 1643 καὶ
610 1578 641 1643 oi
662 1578 832 1644 τετύκοντο
854 1576 991 1644 ἅπαντα.

312 1691 364 1753 κάλ
386 1681 499 1755 πάλιν·
628 1753 631 1760 ,

229 1795 351 1884 ἑβδόμη
375 1797 423 1862 εἰν
444 1795 598 1880 ἀγαθοῖσι
620 1801 672 1864 καὶ
693 1796 816 1882 ἑβδόμη
839 1797 914 1869 ἐστὶ,
930 1800 1081 1887 γενέθλη.

311 1910 362 1972 καὶ

231 2014 314 2081 ἑπτά
336 2017 371 2080 δὲ
395 2017 501 2080 πάντα
524 2022 653 2081 τέτυκτο
677 2015 710 2082 ἓν
734 2015 859 2104 σάρονῷ
882 2015 1075 2103 άστερέοντι,

228 2123 427 2191 saxoniam
452 2123 581 2210 φανέντ’
605 2124 862 2208 ἓπιτελλομένοις
883 2124 1069 2202 ἕνιαάτοις.“

183 2287 185 2294 ,
270 2232 394 2298 Primus
429 2233 486 2298 hos
523 2252 631 2298 uersus
666 2234 858 2300 examinavit
888 2234 1118 2318 Valckenarius
1131 2236 1168 2320 ¹),
1207 2234 1260 2319 qui
1294 2234 1360 2317 ipse

185 2343 269 2426 apud
297 2341 466 2410 Eusebium
497 2341 672 2407 Aristobuli
700 2342 935 2428 fragmentum,
965 2363 1025 2429 quo
1056 2344 1139 2410 idem
1167 2346 1256 2411 loeus
1285 2363 1361 2410 oon·

184 2451 315 2530 tuetur,
337 2451 477 2536 reppen‘t
501 2454 523 2534 γ.

272 2562 367 2644 Apud
389 2561 558 2630 Eusebium
582 2560 757 2626 Aristobuli
778 2563 866 2627 loeus
888 2563 931 2628 sio
953 2562 1086 2630 orditur:
1114 2564 1155 2634 δι’
1176 2566 1361 2652 ἑβδομάδων

184 2677 220 2740 δὲ
245 2678 296 2740 καὶ
319 2679 383 2748 πᾶς
405 2673 422 2736 ά
441 2675 561 2756 κόσμος
582 2675 741 2740 κυκλεῖται
755 2679 821 2739 τῶν
844 2681 1107 2759 ζωογονουμένων
1126 2681 1180 2742 καὶ
1199 2680 1264 2742 τῶν
1286 2671 1365 2761 φυοὲ
1394 2701 1397 2710 “

183 2790 291 2867 μένων
312 2783 475 2850 ἁπάντων.
522 2789 577 2870 Τῷ
606 2784 641 2848 δὲ
668 2784 830 2870 σάββατον
857 2782 957 2871 αὐτὴν
978 2787 1290 2874 προςαγοροάοσθαι,
1317 2788 1362 2852 δι-

185 2893 394 2981 ορμηνεάεται
431 2893 610 2965 ἀνάπαυσις
649 2883 737 2960 οὖσα.
795 2902 959 2980 Διασαφει·
993 2896 1033 2960 oe
1060 2899 1119 2972 aaa,
1137 2893 1276 2984 Ὅμηρος
1308 2899 1359 2960 καὶ

179 3000 335 3082 Ἡσίοδος,
356 3003 656 3092 μετειληφότες
678 3000 711 3068 ἐκ
734 3008 799 3068 τῶν
820 3001 986 3092 ἡμετέρων
999 3006 1142 3090 βιβλίων,
1162 3006 1251 3092 ἱεράν
1269 2999 1357 3070 εἶναι.

261 3112 407 3185 Ἡσίοδος
428 3115 489 3194 μὲν
511 3113 627 3190 οὕτως’
1302 3187 1305 3196 .

309 3227 439 3304 πρῶτον
471 3221 524 3311 ἔνη
553 3225 620 3290 κτλ.
654 3219 794 3303 sequitur
821 3220 904 3287 idem
937 3239 1030 3304 quem
1059 3221 1205 3288 Clemens
1234 3219 1359 3287 exhibet

307 3331 395 3394 loeus
416 3331 544 3411 praeter
566 3330 736 3395 nonnullas
756 3329 892 3396 diversas
915 3329 1096 3412 scripturas.

266 3441 305 3507 τά
326 3444 388 3525 μὲν
410 3441 722 3527 Ἀριστοβούλου
743 3447 888 3508 τοιαίτα·
911 3441 988 3512 haee
1004 3443 1079 3506 sunt
1093 3445 1235 3508 extrema
1248 3440 1357 3506 verba:

181 3550 265 3616 unde
286 3552 382 3633 plane
402 3549 610 3635 intellegitur,
632 3569 725 3634 quem
749 3552 912 3617 auctorem
928 3550 1074 3618 Clemens
1094 3551 1127 3617 in
1150 3571 1241 3634 usum
1264 3570 1356 3616 suum

181 3683 353 3746 suppresso
381 3662 507 3728 nomiae
537 3661 728 3733 converterit
750 3697 789 3706 -—
814 3660 1032 3728 Aristobulum
1062 3661 1158 3728 istum
1186 3661 1356 3735 Iudaeum;

182 3769 208 3835 is
231 3771 327 3857 igitur
349 3789 458 3838 uersus
478 3770 625 3839 laudatos
646 3768 762 3852 partim
781 3768 848 3853 ipse
870 3770 1027 3847 tornavit,
1046 3769 1163 3854 partim
1183 3769 1357 3854 interpola·

184 3878 237 3957 vit,
260 3880 376 3962 partim
398 3879 569 3947 immutata
591 3878 732 3946 oratioue
755 3879 945 3962 explanavit.

256 4119 275 4188 ¹)
294 4119 335 4174 De
353 4121 509 4176 Auistobulo
528 4122 626 4176 Iudaeo
645 4140 705 4192 pag.
724 4121 849 4188 XXXVI,
867 4122 1009 4190 XXXVII,
1030 4125 1094 4190 120,
1114 4123 1172 4178 121.
1208 4120 1357 4192 Septimum

182 4208 290 4276 quidem
309 4203 484 4263 hebdomadis
510 4209 579 4264 diem
599 4209 694 4264 Graeci
718 4209 887 4279 Romanique
912 4229 966 4265 non
991 4211 1126 4278 eolebent,
1151 4210 1199 4265 sed
1223 4208 1356 4279 septimus

179 4293 281 4348 mensis
302 4294 360 4348 dies
379 4294 559 4366 -Apollinis
577 4296 676 4352 natulis
694 4329 727 4339 -
746 4298 780 4352 eb
799 4298 839 4352 eie
857 4315 935 4354 secer
953 4296 1115 4365 hebebatur;
1134 4299 1205 4354 unde
1223 4295 1357 4367 Apollinis

181 4395 331 4447 cognomen
350 4377 542 4448 ἑβδομαγὲιας
561 4383 671 4438 duetum
690 4386 740 4438 est.

250 4465 270 4536 ¹)
288 4465 386 4524 Euseb.
405 4469 435 4524 P.
455 4468 485 4524 u.
504 4469 577 4526 XIII.
599 4472 639 4526 12.
658 4489 718 4542 peg.
738 4473 798 4530 668.
