3252 5056
708 317 774 438 ¹17

169 593 288 678 placita
322 595 430 676 patres
459 591 587 658 maximi
603 579 726 657 ¹fecisse
770 607 861 655 nemo
898 590 1112 674 philosophiae
1144 591 1263 674 peritus
1293 591 1343 658 in-

169 704 340 780 fitiabitur3
364 704 465 769 sedin
481 703 548 786 ipso
564 701 727 767 Clemente
742 700 961 766 difficillimum
975 703 1023 767 est
1039 701 1178 787 cognite,
1193 702 1225 772 in
1242 723 1344 787 quan·

168 815 239 879 tum
260 813 403 880 Platonis
427 811 598 878 auctoritas
620 809 765 887 valuerit,
794 809 908 894 quippe
932 830 1004 876 curn
1026 811 1144 889 Iudaei,
1172 813 1344 896 exquibus

167 923 402 990 Alexandrinus
422 923 477 988 illc
492 920 657 987 hauriebat
678 904 847 986 marianam
866 923 1001 1004 partem,
1018 921 1186 987 recentiori
1200 923 1345 989 Platonis

170 1034 295 1099 scholae
318 1033 410 1098 unice
434 1033 498 1098 sint
519 1030 646 1098 addicti.
686 1031 792 1113 Atque
814 1032 922 1097 tamen
945 1050 983 1097 ex
1004 1030 1148 1098 Platonis
1169 1033 1245 1103 locis
1268 1052 1345 1117 quos

168 1144 315 1210 Clemens
332 1145 517 1227 permultos,
533 1161 573 1207 ue
589 1140 686 1206 semel
701 1139 827 1223 quidem
842 1142 879 1206 nt
892 1142 1007 1208 assolet
1022 1145 1184 1210 auctorem
1199 1142 1345 1220 reticens,

170 1253 294 1336 scriptis
315 1253 463 1330 inseruit,
486 1272 524 1319 ex
550 1270 674 1317 summa
697 1249 809 1316 deinde
833 1250 994 1336 diligentia
1017 1273 1111 1336 qnam
1133 1254 1166 1320 in
1187 1254 1345 1320 laudando

172 1364 308 1440 exhibet,
323 1361 685 1443 ucnindorfiiiudioi01)
701 1360 810 1443 optimi
825 1361 939 1445 quique
956 1363 1076 1429 codices
1092 1382 1164 1429 cnm
1174 1364 1346 1430 Clementis

171 1473 324 1556 scriptura
346 1474 532 1557 plerumque
556 1471 774 1548 consentiant,
798 1491 835 1538 ox
857 1491 892 1537 eo
916 1472 1067 1557 deniquo,
1091 1475 1173 1557 quod
1195 1473 1278 1541 inter
1296 1461 1364 1541 tot¹

170 1584 337 1668 tantosque
352 1582 496 1650 Platonis
519 1585 603 1648 locos
621 1601 705 1647 unus
725 1581 938 1665 interpolatus
961 1583 1110 1666 exstare),
1134 1604 1256 1651 summo
1278 1585 1344 1650 iura

166 1694 354 1761 concludere
377 1711 561 1777 possumus,
595 1691 793 1758 Clementem
815 1692 959 1758 Platonis
981 1693 1076 1759 libros
1101 1694 1205 1776 ipsum
1236 1715 1345 1778 saepo-

165 1824 297 1871 numero
319 1802 490 1886 inspexisse
513 1803 607 1884 atque
630 1801 759 1884 proinde
781 1803 961 1868 Platonicos
990 1805 1086 1878 locos,
1119 1824 1196 1888 quos
1218 1797 1349 1882 laudat,

167 1917 253 1981 certe
277 1916 409 1981 eandem
432 1913 546 1979 babere
569 1911 792 1978 anctoritatem
806 1911 838 1977 in
853 1915 944 1980 textu
959 1914 1124 1981 Platonico
1146 1914 1344 1981 restituendo

167 2045 262 2108 quam
286 2025 407 2091 codices
429 2025 534 2089 aetate
556 2024 650 2110 longe
671 2022 843 2088 inferiores.

254 2137 357 2203 Multo
379 2151 453 2202 vero
476 2132 633 2200 difficilius
656 2135 705 2198 cst
727 2133 764 2198 de
780 2136 965 2202 Aristotelis
986 2153 1064 2218 quos
1083 2133 1229 2202 Clemens
1251 2136 1346 2203 affert

166 2245 242 2311 locis
276 2249 399 2312 rectum
426 2246 622 2331 intellegere.
667 2245 734 2309 Iam
756 2245 794 2308 V.
818 2243 912 2310 Rosci
933 2245 1132 2310 laudavimus
1156 2246 1344 2330 opinionem,

167 2355 220 2438 qui
233 2356 397 2432 Clementi,
421 2357 503 2439 qnod
516 2357 668 2422 falsarum
683 2353 863 2419 litterarum
876 2373 992 2439 genere
1007 2374 1098 2438 saepe
1119 2358 1167 2422 eet
1184 2356 1344 2440 deceptus,

167 2484 269 2549 neque
291 2466 410 2549 inipso
434 2466 605 2532 Aristotele
628 2484 695 2530 esse
719 2464 910 2529 credendum
933 2465 1135 2549 comprobare
1157 2467 1244 2544 vult3
1267 2468 1344 2533 alios

168 2575 348 2642 Aristotelis
369 2577 454 2641 locos
478 2575 518 2640 ad
533 2574 750 2640 Aristobnlum
766 2611 805 2620 -
823 2573 881 2640 τόν
895 2577 1152 2666 concamaranda
1168 2582 1345 2665 φιλίσοφυν

169 2723 208 2732 -
249 2706 316 2752 esse
364 2685 543 2752 referendos
574 2702 755 2760 censemns3
795 2684 955 2749 nonnullis
996 2685 1128 2769 denique
1166 2686 1344 2754 Aristotelis

172 2794 288 2875 placita
312 2797 378 2861 tam
403 2797 550 2862 accurate
579 2813 616 2860 ao
645 2793 778 2859 dilucide
800 2793 1003 2878 illustrantur
1025 2798 1058 2860 et
1079 2796 1286 2878 explicantur,
1307 2800 1346 2864 nt

170 2904 259 2970 valde
275 2906 462 2984 dubitemus,
485 2925 563 2970 num
578 2904 725 2970 Clemens
741 2903 817 2987 ipse,
834 2903 947 2988 qnippe
963 2905 1016 2988 qni
1032 2905 1073 2971 sit
1088 2906 1273 2990 compilator
1286 2928 1344 2974 sua

167 3015 293 3081 aliunde
315 3019 477 3100 repetens,
507 3017 563 3081 has
593 3015 723 3080 subtiles
746 3014 981 3097 explanationes
1009 3017 1236 3099 composuerit:
1265 3021 1344 3085 Bor·

171 3125 301 3209 naysius
323 3127 488 3213 benignius
509 3125 585 3191 tulit
610 3124 795 3207 indicium⁸l
816 3124 886 3189 illos
914 3128 1024 3191 auctos
1044 3126 1130 3192 locos
1148 3128 1344 3195 Clementem

166 3235 307 3301 hausisse
331 3257 368 3303 ex
390 3237 507 3320 optimo
529 3234 721 3317 interprete,
751 3253 844 3317 quem
866 3233 898 3298 in
921 3234 1108 3302 bibliothece
1131 3221 1345 3306 Aleianddna

170 3344 359 3413 invenissetr
395 3366 451 3413 nos
480 3347 625 3431 equidem
651 3347 802 3427 putamus
825 3343 976 3410 eiusmodi
998 3345 1128 3412 subtiles
1149 3348 1233 3413 locos
1252 3349 1343 3415 illum

168 3455 280 3521 debere
313 3457 510 3533 Aristobulo,
543 3477 652 3541 quem,
687 3452 711 3522 si
743 3476 781 3522 ex
814 3455 998 3541 cognomine
1028 3456 1225 3540 peripatetici
1256 3459 1344 3526 nobis

167 3567 309 3632 conicere
331 3568 426 3646 licet,
448 3569 479 3634 in
505 3566 683 3634 Aristotelis
706 3565 830 3649 scriptis
851 3565 947 3632 fuisse
970 3586 1064 3650 quam
1087 3568 1220 3634 maxime
1237 3589 1343 3636 versa-

167 3679 237 3742 tum
261 3699 353 3745 nemo
377 3699 439 3745 non
463 3678 563 3744 facilc
577 3678 665 3744 nobis
688 3677 848 3742 concedet.

251 3790 289 3854 ld
317 3811 418 3856 unum
447 3789 480 3856 in
511 3790 649 3856 extremo
678 3789 736 3852 hoc
763 3789 799 3853 de
822 3786 994 3852 Clementis
1018 3786 1160 3853 doctrina
1182 3807 1342 3856 commen-

165 3896 279 3963 tariolo
302 3900 517 3987 adiungimus,
540 3899 636 3966 etiam
659 3899 759 3973 locos,
783 3915 861 3980 quos
881 3896 935 3962 ille
958 3915 996 3963 ex
1017 3897 1236 3980 Xenophontis
1256 3899 1342 3965 libris

238 4124 259 4194 1)
277 4125 318 4179 eu.
336 4109 419 4178 cram.
438 4124 480 4179 nr.
500 4125 553 4180 vu.
573 4125 594 4179 1.
612 4125 697 4195 praef.

237 4212 258 4282 ²)
283 4213 368 4268 Sexte
385 4211 509 4267 Platonis
534 4212 651 4284 epistula
674 4215 767 4266 strom.
786 4211 819 4276 V,
840 4209 873 4264 14
897 4227 958 4280 pag.
976 4210 1035 4276 710,
1058 4228 1139 4280 quam
1153 4210 1225 4265 infra
1241 4213 1342 4286 exemi

164 4297 422 4457 nabm'llusllernays:
449 4385 576 4456 Symbola
600 4387 755 4444 Bonneneia
780 4387 932 4442 1864-67
957 4387 992 4441 ad
1014 4385 1096 4441 Clam.
1121 4388 1214 4441 strom
1239 4385 1277 4451 II,
1298 4384 1339 4440 14.

165 4492 227 4548 pag.
245 4476 305 4531 461.
1108 4560 1125 4614 2
