3252 5056
696 323 776 396 'el

255 543 305 612 Ita
335 540 459 630 quidem
489 541 708 632 interpolando
737 547 910 630 corrumpit
937 547 1069 615 Homeri
1096 550 1191 632 atque
1219 549 1347 616 Hesiodi

170 657 322 734 carmina,
345 657 423 724 Iino
444 658 593 741 supponit
608 659 802 726 adulterinos
816 678 926 725 versus
939 659 974 744 ¹),
996 661 1102 726 mutat
1118 659 1210 724 Arati
1230 661 1348 727 Φαινό-

171 793 251 852 μενα
266 767 303 850 ⁹),
327 768 523 833 contaminat
538 768 654 852 Orphei
675 771 856 853 oracula³):
880 768 1023 853 quamvis
1046 769 1086 835 sit
1108 768 1249 844 dubium,
1271 789 1348 835 uum

173 876 379 958 Orphicorum
401 879 604 963 interpolatio
626 882 728 948 eidem
748 879 930 947 Aristobulo
954 878 994 943 sit
1011 879 1200 962 imputanda
1210 879 1246 964 ⁴).
1280 879 1347 945 Nos

172 987 331 1069 equitent,
361 1009 401 1054 ne
429 989 567 1074 iniquius
593 991 626 1057 in
656 990 922 1064 eum.consulere
945 988 1107 1055 videamur
1133 989 1233 1065 idem,
1264 989 1348 1072 quod

169 1097 233 1162 iarn
250 1097 322 1164 Just
335 1100 371 1181 5),
393 1099 593 1182 Herzield⁶)‚
614 1100 778 1182 PrellerJ)
800 1100 946 1165 tulerunt
967 1098 1127 1175 iudicium,
1151 1098 1347 1181 suspicamur

169 1227 207 1273 ex
237 1209 410 1274 lectionum
441 1209 631 1293 varietate⁸)
660 1211 726 1276 tam
758 1210 842 1293 apud
864 1209 1023 1276 lustinum
1050 1208 1083 1274 in
1114 1208 1280 1290 paraenesi
1308 1209 1349 1274 ad

171 1319 309 1385 Graecos
330 1339 403 1405 pag.
416 1325 464 1386 18.
488 1319 573 1385 etin
594 1320 673 1385 libro
690 1320 728 1384 de
750 1317 933 1385 monarchia
953 1337 1027 1404 pag.
1047 1323 1098 1384 97.
1122 1321 1155 1385 et
1177 1324 1228 1395 38,
1251 1339 1346 1403 quarn

170 1429 255 1511 apud
283 1429 479 1497 Clementem
502 1428 694 1512 Protreptici
722 1447 790 1512 cap.
815 1433 844 1494 7.
877 1430 909 1493 et
932 1429 1123 1494 stromatum
1151 1428 1203 1496 lib.
1227 1419 1265 1496 V.
1296 1435 1346 1497 12.

170 1558 241 1623 pag.
257 1543 318 1606 695
338 1559 397 1606 666
413 1559 476 1605 666
493 1560 530 1606 ex
546 1539 720 1605 Aristobuli
735 1541 804 1605 loeo
819 1538 903 1621 apud
918 1539 1088 1605 Eusebium
1103 1540 1139 1605 P.
1152 1541 1188 1606 a.
1200 1540 1288 1607 XIII.
1307 1545 1346 1606 12

169 1667 242 1732 pag.
274 1650 352 1724 664,
389 1650 481 1726 „dass
510 1651 606 1716 sehon
639 1667 694 1715 vor
723 1648 931 1735 Einrdolung
961 1649 1060 1715 dieser
1092 1647 1190 1715 Stella
1220 1649 1252 1714 in
1285 1641 1346 1746 de'n

169 1757 429 1825 aristobuhscben
451 1760 654 1827 Commentar
685 1757 753 1822 eine
780 1758 1003 1852 verschiedene
1025 1758 1199 1825 Reaension
1227 1761 1346 1846 vorlag‚

170 1868 265 1934 deren
296 1869 469 1936 mesaisehe
503 1871 694 1954 Infizierung
726 1867 888 1934 Aristobul
921 1868 1009 1933 nicht
1042 1867 1244 1934 verscbuldet
1279 1869 1345 1938 hat.

167 1977 243 2044 Dies
265 1979 340 2066 wird
366 1978 417 2045 fur
448 2000 509 2045 uns
531 1978 770 2065 fiberzeugend‚
802 1998 892 2044 wenn
922 1977 976 2041 wir
1006 1996 1047 2042 an
1078 1977 1127 2042 die
1155 1980 1251 2044 unter
1273 1979 1344 2045 dem

170 2089 385 2176 ehrwtrdigen
409 2090 534 2157 Numen
565 2092 618 2156 des
641 2091 784 2172 Orpheus
814 2089 970 2154 wirbende
1002 2086 1251 2171 apohryphische
1273 2089 1346 2156 Col·

168 2200 462 2266 lektiv·Autorittt
493 2201 635 2275 denken‚
666 2201 783 2264 welche
823 2198 892 2264 eine
925 2197 1137 2283 theologisohe
1169 2197 1346 2266 Litteratur

169 2310 356 2396 mystischer
379 2312 525 2377 Tendens
553 2310 748 2397 begrrindete
780 2309 846 2374 und
875 2307 1069 2373 namentlich
1097 2307 1129 2372 in
1154 2307 1214 2373 den
1237 2309 1344 2375 Zeiten

170 2422 224 2486 der
257 2421 513 2487 hellenistisehen
547 2420 723 2486 Iritteratur
758 2418 817 2484 mit
854 2436 978 2503 gresser
1009 2418 1244 2485 Produhtiritat
1277 2421 1346 2487 eine

169 2551 267 2617 ganzo
290 2533 387 2598 Reihe
410 2550 470 2597 von
492 2530 650 2596 Schriften
678 2528 737 2595 mit
768 2527 931 2610 spezifisch
960 2527 1156 2609 orphisohem
1178 2531 1346 2598 Grundton

170 2643 219 2707 ins
240 2643 409 2709 Publihum
431 2640 635 2720 brachte“⁹).

255 2753 400 2819 Clemens
422 2751 532 2838 igitur,
555 2752 592 2815 ut
613 2751 781 2815 redeamus
804 2746 889 2814 unde
909 2747 1044 2830 profecti
1065 2765 1194 2826 sumus,
1225 2751 1347 2818 Ariste·

175 2895 208 2902 ‚-

245 2943 265 3014 ²)
283 2945 414 3000 Valcken.
433 2945 450 3000 l.
469 2944 487 2999 I.
506 2961 567 3015 pag.
586 2941 610 2996 8.
621 2943 645 2996 9.
663 2939 761 2996 Euseb.
780 2941 811 2994 P.
830 2938 861 2994 E.
879 2939 953 2996 XIII.
973 2941 1032 2996 677.

179 3032 181 3035 ’
243 3031 264 3100 ⁹)
339 3075 349 3099 „
435 3073 533 3099 ,,,,,
590 3031 631 3085 86.
707 3073 718 3097 „
814 3028 1032 3095 πΧΙΙΙ.666.

244 3118 265 3187 ³)
339 3161 350 3184 „
439 3160 450 3184 „
474 3160 484 3184 „
526 3160 537 3183 „
578 3117 687 3170 11-16.
707 3115 748 3168 73.
768 3113 866 3168 Euseb.
886 3113 916 3168 P.
935 3113 965 3168 E.
985 3114 1058 3169 XIII.
1077 3115 1137 3170 664.

242 3204 263 3273 ⁴)
283 3204 476 3259 6166666661,
500 3221 562 3274 pag.
583 3203 641 3257 123.
666 3203 833 3272 argumentis
852 3202 920 3256 satis
938 3202 1024 3256 firmis
1043 3203 1198 3273 comprobat
1216 3203 1347 3259 Clementi

170 3293 253 3346 etiam
280 3292 464 3358 „oraculorum
488 3290 624 3361 syllogam
644 3288 912 3343 non-christianam“
940 3291 1033 3342 notam
1056 3289 1156 3356 fuisse,
1182 3309 1217 3344 ex
1242 3309 1295 3360 qua
1318 3294 1347 3344 et

169 3380 228 3450 ipse
247 3380 330 3433 index
342 3379 533 3449 Hesychianus
545 3378 661 3432 haustus
681 3393 741 3431 esse
752 3376 891 3430 videatur:
910 3376 973 3429 inde
990 3375 1087 3430 meritc
1107 3377 1217 3447 colligit,
1228 3378 1348 3433 Clemen-

169 3469 226 3521 tem
244 3469 326 3535 atque
344 3467 513 3537 Hesychium
531 3464 659 3520 Favorini
678 3461 862 3527 παποθαπήν
880 3461 1069 3527 tinnientem
1088 3465 1250 3520 adhibuisse.

241 3554 262 3623 ⁵)
281 3554 446 3610 Gesehichte
464 3554 512 3608 des
530 3553 693 3609 Judentums
711 3553 731 3606 L
751 3552 777 3608 S.
797 3551 856 3606 369.
1088 3556 1091 3561 '

241 3643 263 3714 ⁶)
283 3643 448 3699 Ceschichte
465 3643 513 3697 666
531 3643 701 3697 6666666666.
727 3641 774 3696 ΙΙΙ.
800 3641 925 3709 Anhang.

242 3731 263 3801 1)
281 3732 386 3786 Preller
403 3732 432 3786 in
449 3730 561 3800 Pauly’s
579 3727 872 3799 Real-Encyclopaedie
891 3728 923 3782 V.
942 3726 994 3782 992
1012 3744 1071 3797 sqq.

243 3817 265 3887 ⁸)
283 3818 364 3890 Apud
382 3819 515 3874 lustinum
535 3818 613 3871 deest
629 3817 714 3882 locus,
733 3816 780 3885 qui
799 3817 906 3885 spectet
924 3816 958 3869 66
976 3815 1122 3881 Abraham,
1138 3814 1209 3885 apud
1227 3814 1347 3868 Clemen-

170 3906 227 3957 tem
245 3923 343 3960 versus
361 3907 395 3960 66
413 3907 529 3977 Meysen
546 3904 722 3975 pertinentes.

243 3992 264 4062 ⁹)
283 3994 347 4048 Otto
366 3995 400 4048 66
418 3994 516 4049 Iustini
533 3993 623 4047 Iocum
643 3993 704 4047 18Β
719 3992 843 4046 adnotet:
866 3990 1015 4058 „Lobeckio
1032 3989 1120 4044 iudice
1133 3988 1347 4059 (Aglaophamus

171 4084 191 4138 Ι.
210 4081 263 4135 438
281 4081 330 4150 66.)
349 4082 530 4148 fragmentum
545 4080 724 4134 lastinianum
743 4079 862 4133 omnium
876 4077 1068 4133 brevissimum
1085 4076 1251 4147 primitivam
1264 4076 1345 4130 huius

172 4170 300 4224 carminis
325 4169 440 4222 formam
466 4169 669 4239 repraesentat;
704 4182 793 4219 novae
824 4163 1040 4235 interpolationis
1072 4163 1210 4233 specimen
1235 4163 1347 4233 praebet

170 4258 326 4328 exemplum
344 4259 493 4325 Clanadia,
511 4257 582 4324 quod
595 4253 745 4309 Iustiniano
765 4253 899 4322 copiosius
918 4254 968 4317 est,
986 4251 1159 4305 Aristobuleo
1177 4251 1346 4316 adstrictius;

170 4345 335 4400 novissimae
358 4345 453 4400 auctor
471 4345 514 4396 est
530 4340 704 4397 Aristobulus
722 4340 802 4394 borno
827 4339 887 4393 sive
905 4339 1021 4394 Iudaeus
1039 4339 1098 4393 sive
1117 4336 1287 4394 Christianus
1306 4337 1344 4408 (l)

170 4432 318 4489 Clementis
336 4435 410 4488 certe
427 4431 596 4501 temporibus
612 4429 747 4501 posterior
765 4426 815 4497 (l).
