3252 5056
854 297 873 361 8

761 391 971 400 ..——-——

843 661 893 756 11.

285 819 379 932 Quo
398 817 605 932 doctrina
628 820 887 901 exstructus
909 818 1148 918 religionis
1170 818 1455 903 Christianae

332 945 684 1048 propugnatoris
710 966 874 1026 munus
901 943 1152 1045 susceperit
1179 943 1396 1028 Clemens.

366 1132 418 1196 Ad
452 1127 636 1211 scriptorem
672 1127 809 1210 aliquem
844 1127 925 1194 iuste
965 1128 1196 1195 aestimandum
1232 1133 1326 1213 atque
1358 1129 1457 1212 probe

281 1240 501 1314 iudicandum,
524 1239 661 1305 multum
686 1229 771 1302 eerte'
793 1237 940 1304 utilitatis
962 1239 1139 1321 capiemus,
1169 1239 1195 1304 si
1217 1238 1348 1304 solidam
1369 1236 1457 1303 illius

283 1351 397 1417 aetatis
419 1370 480 1433 qua
502 1348 609 1414 floruit
629 1348 683 1412 ille
705 1347 874 1432 imaginem
898 1347 1158 1431 expresserimus,
1188 1349 1214 1414 si
1240 1348 1329 1414 illam
1360 1366 1458 1430 quam

284 1481 302 1526 a
318 1460 422 1542 pueris
436 1459 597 1544 ingressus
619 1461 687 1523 erat
703 1456 862 1522 doctrinae
879 1456 960 1522 viam
980 1457 1147 1544 diligenter
1164 1456 1458 1530 examinaverimus,

284 1571 309 1636 si
333 1568 466 1652 denique
490 1587 607 1634 causas·
623 1568 734 1650 quibus
756 1567 911 1633 adductus
940 1569 989 1634 est
1018 1568 1058 1632 ad
1087 1567 1283 1634 scribendum
1307 1568 1459 1633 accurate

285 1671 552 1764 perspexerimus

373 1787 468 1855 Multi
488 1787 585 1873 igitur
607 1785 663 1851 viri
685 1786 786 1860 docti,
815 1786 868 1868 qui
897 1787 934 1852 de
957 1788 1120 1854 Clemente
1149 1788 1291 1871 iniquum
1314 1787 1462 1852 tulerunt

284 1897 449 1974 iudicium,
480 1897 511 1962 in
544 1916 580 1963 eo
608 1897 836 1978 peccaverunt,
867 1896 949 1978 quod
978 1897 1058 1963 hanc
1088 1897 1217 1963 rationis
1245 1897 1388 1983 regulam
1421 1915 1462 1960 ac

286 2028 429 2104 normam
455 2006 638 2073 omiserunt.
683 2005 756 2071 Sine
788 2007 852 2071 ullo
882 2005 973 2071 dubio
1001 2007 1146 2074 Clemens
1176 2005 1239 2074 suis
1254 2005 1394 2087 ,scriptis
1418 2044 1461 2051 -

286 2120 309 2186 si
328 2121 451 2204 largam
468 2117 728 2202 argumentornm
750 2115 870 2198 copiam
893 2116 1077 2200 respicimus
1095 2088 1258 2183 -omncs
1275 2135 1352 2198 quos
1372 2135 1463 2180 nunc

285 2247 435 2296 vocamus
463 2225 672 2310 polyhistores
695 2225 889 2291 Christianae
918 2226 1031 2292 aetatis
1053 2228 1147 2312 longe
1179 2229 1323 2310 superat:
1356 2245 1463 2310 neque

286 2345 405 2414 tamen,
423 2356 458 2401 ex
474 2355 534 2418 quo
547 2334 746 2400 Valckenarii
762 2335 892 2401 diatriba
908 2337 938 2401 in
956 2338 1061 2402 lucem
1076 2337 1201 2420 prodiit,
1221 2337 1304 2401 latet
1318 2335 1463 2401 homines

285 2448 445 2514 litteratos
460 2445 656 2512 Clementem
679 2445 790 2520 multa,
811 2465 890 2528 quae
913 2467 950 2513 ex
972 2449 1067 2532 longa
1090 2448 1255 2511 auctorum
1279 2447 1357 2511 serie
1381 2466 1464 2529 quos

287 2558 454 2622 enumerat
485 2555 653 2635 αὖοολεξοί
673 2557 820 2638 excerpta
843 2558 952 2632 affert,
986 2577 1023 2622 ex
1044 2555 1178 2622 falsariis
1201 2554 1323 2622 ludaeis
1345 2554 1462 2620 omisso

288 2666 413 2732 nomine
436 2665 646 2747 descripsisse:
688 2665 779 2732 Unde
802 2667 924 2733 iactum
951 2686 1018 2732 esse
1040 2667 1180 2742 videtur,
1212 2668 1249 2730 ut
1277 2664 1463 2730 recentioris

292 2777 406 2843 aetatis
426 2775 524 2841 critici
547 2774 661 2839 mirum
686 2777 840 2857 quantum
867 2777 1019 2842 haereant
1047 2795 1084 2841 ac
1106 2777 1263 2840 fluctuent
1288 2775 1372 2840 iuter
1393 2775 1464 2857 eius

167 2943 170 2954 .
287 2888 413 2952 laudem
453 2888 484 2950 et
522 2884 796 2966 vituperationem.
851 2886 958 2952 Veluti
991 2885 1220 2952 Valckenarius
1263 2885 1463 2951 Clementem

289 2999 430 3063 nostrum
456 2994 693 3070 „doctissimum
721 2997 866 3076 patrem“
889 2996 1009 3063 iudicat
1038 2997 1233 3078 eundemque
1264 2994 1462 3077 „simplicem

288 3126 325 3172 ac
347 3113 535 3194 ααγοπαθῆ
557 3123 679 3170 necnon
710 3097 858 3171 stolidum
882 3106 1082 3181 falsarium“;
1113 3107 1206 3191 longe
1236 3107 1341 3170 antem
1371 3124 1463 3169 acer-

287 3214 412 3282 bissime
442 3234 513 3279 eum
541 3214 727 3300 perstringit
748 3215 884 3282 Cobetus
915 3215 1002 3298 quasi
1024 3217 1127 3281 furem
1151 3216 1183 3279 et
1205 3213 1462 3300 compilatorem:

290 3326 471 3404 „miramon
496 3323 586 3407 αλλ’),
609 3343 670 3406 qua
692 3325 796 3389 fronte
817 3325 972 3400 Clemens,
995 3326 1078 3407 quod
1100 3325 1202 3407 ipsum
1225 3327 1302 3390 tunc
1324 3323 1462 3390 maxime

287 3435 516 3510 committebat,
532 3433 591 3516 (sc.
602 3431 635 3497 in
651 3434 851 3498 recensendis
864 3433 957 3498 furtis
970 3436 1187 3519 Graecorum),
1202 3436 1312 3500 acerne
1329 3435 1464 3500 summis

288 3547 482 3612 Graecorum
513 3541 646 3624 ingeniis
675 3563 737 3608 uon
768 3541 891 3608 dubitet
914 3547 1137 3626 exprobrare“;
1167 3546 1216 3610 vel
1243 3544 1305 3612 alio
1335 3545 1462 3626 loco²):

287 3655 347 3740 „ad
363 3656 507 3740 πάγκαλα
520 3660 618 3721 ταῦτα
632 3653 651 3718 o‘
664 3653 787 3740 εάηθής
793 3655 922 3745 Κλήμης
933 3663 1170 3741 μοναγέγραφεν
1184 3655 1222 3722 οὐ
1232 3655 1290 3743 γάρ
1305 3655 1465 3742 βούλομαι

287 3771 390 3852 λέγειν
402 3762 469 3830 κατ’
485 3760 584 3830 αὐτόν
598 3762 656 3828 adv
673 3765 842 3852 Κλήμεννα
857 3767 1055 3852 ,,κε’κλοφον“
1070 3769 1144 3848 κνλς
1163 3764 1308 3847 idemque
1324 3763 1464 3829 Cobctus

288 3893 351 3939 non
370 3875 476 3956 potest
493 3891 554 3937 non
574 3872 759 3937 condedere:
782 3874 842 3956 „cd
864 3882 921 3941 τοῦ
942 3878 1134 3965 Κλήμεντος,
1157 3873 1271 3957 άνδρός
1293 3873 1465 3959 ἐλλογίμου

288 3989 340 4052 καὶ
362 3989 566 4070 φιλομαθοῦς
593 3989 644 4052 καὶ
675 3982 931 4068 ἀναγνωσμάτων
951 3971 1138 4074 Ἑλληνλκῶν
1167 3983 1254 4052 πολύ
1277 3985 1466 4072 πραγμονή·

289 4115 403 4171 σαννος
424 4093 528 4180 βάθος
558 4091 598 4168 οἷς
625 4091 725 4177 ὀλίγον
753 4089 833 4176 τάχα
856 4121 921 4160 που
943 4100 1007 4160 τῶν
1029 4094 1097 4183 πρό
1119 4092 1225 4161 αὐτοῦ.
1267 4091 1299 4160 Ὁ
1321 4093 1468 4182 Κλήμης,

361 4299 381 4370 ¹)
398 4298 477 4353 Plato
496 4298 568 4353 Gom.
586 4315 647 4368 pag.
667 4298 707 4352 73.

362 4385 383 4455 ¹)
401 4385 504 4454 Αόγιος
520 4385 625 4454 Ἑρμῆς.
646 4385 703 4437 oei.
724 4385 782 4440 170.
