3252 5056
853 373 896 440 dd

331 603 430 670 πάλιν
451 598 633 689 Εὐριπίδου
654 594 690 663 ἐν
713 602 862 684 Τημένῳ·

416 717 480 798 „opi
503 709 560 794 γὰρ
582 713 737 774 πονοῦντι
757 711 809 773 καὶ
831 705 912 781 θεᾶς
934 705 1180 791 ουλλομβάνεο.“

376 824 417 888 llt
447 820 551 904 ipsum
579 815 785 882 decantatum
810 813 889 878 illud
916 815 1021 897 pueris
1050 814 1144 897 atque
1172 813 1301 897 puellis:
1336 813 1467 889 „omnia

289 932 352 997 dies
373 933 515 1014 profert“
537 927 719 1024 Euripidem
742 923 886 1006 Sophocli
908 923 1091 1008 surripuisse
1115 923 1222 989 censet
1243 924 1407 989 Clemens:

331 1047 383 1111 ναὶ
403 1043 470 1131 μὴν
491 1039 673 1126 Εὐριπίδου
695 1037 756 1122 μὲν
778 1035 813 1115 ἐξ
834 1035 1054 1118 Ἀλεξάνδρου·

416 1153 555 1240 „xpum
577 1150 612 1216 dd
634 1151 732 1226 δείξει
754 1150 808 1212 σ’·
830 1135 855 1233 ᾧ
877 1154 1039 1287 τεκμηρίῳ
1056 1145 1177 1230 μαθών

414 1261 435 1351 ἢ
458 1259 603 1350 χρηστόν
625 1255 704 1326 ὄντα
725 1255 995 1340 γνωσόμεσθασ’
1019 1283 1037 1342 η
1060 1256 1189 1322 κακόν.“

329 1375 533 1458 Σοφοκλέους
555 1372 589 1438 dd
613 1368 647 1448 ἒξ
668 1367 838 1435 Ἱππόνου·

416 1477 522 1567 ,πρὸς
545 1485 643 1547 τοῦτο
665 1478 789 1566 κρύπτε
809 1479 932 1565 μηδέν·
949 1475 991 1551 οἷς
1013 1503 1030 1542 ο
1022 1476 1192 1543 ιπάνθΗ
1173 1474 1260 1562 ορῶν

419 1596 470 1658 καὶ
492 1589 588 1658 πάντ’
611 1588 734 1654 ἀκούων
756 1587 852 1653 πάντ’
876 1585 1067 1652 dorostoro
1088 1587 1225 1671 χρονος“
1236 1585 1298 1668 ¹)

377 1700 459 1786 Quid
479 1700 596 1782 plura?
632 1698 720 1779 Ipse
751 1714 881 1778 quaeso,
893 1694 990 1784 lege·
1016 1715 1090 1763 mox
1112 1715 1206 1780 quom
1229 1695 1402 1762 absurdum
1426 1697 1470 1762 sit

287 1811 348 1876 hoc
369 1809 448 1875 furti
464 1808 582 1874 crimen
603 1805 810 1872 intellexeris!
854 1805 915 1870 Sed
937 1823 977 1869 ne
998 1805 1134 1889 iniquius
1155 1805 1187 1872 in
1204 1826 1276 1874 eum
1299 1807 1467 1872 consulere

289 1920 462 1995 videamur,
483 1918 619 1984 libenter
641 1916 842 1982 concedimus
865 1934 938 1982 eum
961 1915 1057 1980 semel
1079 1919 1202 1983 rectum
1224 1916 1354 1994 vidisse;
1378 1935 1467 1983 com-

288 2031 381 2114 parat
410 2028 494 2095 euim
523 2027 600 2093 istos
628 2025 958 2108 Pseudo-Sophoclem
985 2045 1093 2092 versus
1121 2025 1247 2114 (Autig.
1272 2030 1344 2093 911.
1369 2027 1468 2111 12)²)

289 2158 362 2206 cum
393 2137 484 2204 simili
512 2136 664 2204 Herodoti
691 2137 760 2201 loeo
788 2136 861 2219 (III.
887 2131 974 2216 1'19).
1018 2129 1100 2202 'Alia
1129 2138 1271 2220 exempla
1300 2136 1397 2202 sumit
1429 2155 1469 2202 ex

287 2249 419 2317 Homeri
451 2249 545 2332 atque
573 2246 701 2313 Hesiodi
722 2245 949 2311 imitationibus
978 2265 1009 2328 p.
1031 2265 1062 2328 p.
1087 2249 1163 2322 738,
1188 2250 1266 2323 741,
1290 2251 1367 2323 742,
1392 2251 1467 2323 744,

290 2364 361 2426 749.
406 2358 556 2442 Quamvis
578 2357 686 2439 inepta
715 2355 775 2420 ista
796 2356 962 2438 poetarum
983 2355 1175 2424 Graecorum
1203 2357 1343 2423 recensio
1375 2358 1468 2424 nobis

288 2470 380 2536 hodie
404 2469 565 2545 videatur,
588 2469 695 2534 tamen
720 2484 756 2532 ea
778 2465 892 2552 singuli
913 2463 1060 2532 historiae
1082 2464 1254 2532 litterariae
1275 2449 1470 2551 interpretes

289 2582 375 2646 male
399 2578 520 2661 decepti
544 2581 635 2654 suut3
665 2577 709 2642 ita
731 2575 855 2657 quidem
885 2574 1104 2662 sagacissimus
1132 2576 1258 2643 criticus
1279 2577 1469 2657 Munatius,

289 2691 344 2772 qui
365 2690 397 2756 in
420 2690 600 2755 fabularum
617 2686 817 2769 dispositione
841 2705 859 2750 a
876 2686 1039 2753 Clemente
1062 2685 1216 2752 deductus
1236 2687 1351 2753 iterum
1369 2690 1468 2772 atque

288 2801 403 2866 iterum
424 2799 457 2864 in
481 2816 602 2864 errores
624 2796 734 2862 incidit
742 2796 778 2881 8).

376 2912 548 2993 Postquam
576 2910 742 2989 politorum
774 2904 901 2970 fraudes
934 2907 1009 2969 satis
1031 2907 1214 2988 perstrinxit
1241 2945 1281 2954 —-
1305 2909 1343 2975 ad
1364 2912 1469 2976 κλεπ-

214 3065 217 3072 ·
289 3023 380 3089 πκόν
410 3025 570 3104 διελέγξας
599 3017 705 3086 αὐτῶν
737 3014 821 3090 εἶδος
850 3051 901 3089 -‚
933 3014 972 3079 ad
1002 3014 1202 3098 philosophos
1237 3019 1269 3082 et
1300 3017 1468 3084 historicos

289 3129 496 3196 recensendos
514 3147 547 3192 se
562 3127 671 3210 parat3
695 3125 749 3191 sed
764 3143 859 3208 quem
880 3123 1007 3189 insulsis
1029 3126 1225 3212 argumentis
1246 3126 1323 3193 furti
1345 3126 1467 3194 crimen

288 3241 432 3315 adornet,
455 3243 521 3303 uuo
538 3237 680 3319 exemplo
694 3233 925 3316 illustretur⁴):
947 3236 1057 3320 ,παρὰ
1075 3237 1271 3325 Πυθαγόρου
1286 3240 1321 3304 δὲ
1336 3241 1387 3304 καὶ
1403 3239 1468 3326 edo

291 3349 402 3438 ψυχήν
418 3349 583 3416 ἀθάνατον
600 3343 680 3415 εἶναι
692 3346 829 3414 Πλάτων
846 3341 996 3420 ἔσπακεν,
1012 3346 1041 3412 oi
1057 3348 1092 3412 dd
1108 3351 1186 3434 παρ’
1199 3347 1469 3432 Αἰγυπτίων.“(ἒ)

363 3527 383 3596 ¹)
401 3528 473 3581 Addi
490 3531 637 3599 potuerunt
655 3527 796 3597 Sophoclis
808 3543 905 3582 versus
924 3525 1007 3594 (Aiax
1022 3525 1082 3582 645.
1095 3527 1155 3596 46);
1174 3525 1304 3590 „cnaoa’
1324 3527 1340 3578 ὅ
1356 3526 1470 3597 μακρᾶς

290 3612 501 3685 κοῖνορίθμητος
519 3615 626 3683 χρόνος

435 3701 532 3768 φαίνει
550 3719 565 3752 τ
567 3698 681 3764 ’ἄδηλα
699 3699 745 3752 καὶ
765 3697 890 3769 φανέντα
908 3699 1091 3769 sponsatam

363 3789 463 3862 ¹)pag.
485 3789 544 3843 748.
587 3785 765 3854 Σοφοκλέους
779 3803 809 3840 τε
827 3781 858 3838 ἐν
877 3785 1014 3855 Ἀντιγόνῃ
1034 3787 1240 3852 ποιήσαντος··
1245 3786 1417 3859 ημητρόςθ
1436 3783 1471 3841 ἐν

284 3877 380 3928 ”Aodoo
400 3875 447 3928 καὶ
468 3893 573 3946 ποτρος
590 3874 768 3943 τετευχότων,

435 3960 485 4015 ονκ
505 3960 560 4014 ἔστ’
580 3959 746 4030 ddsipoc''
729 3980 837 4020 orror
820 3961 857 4013 dv
875 3961 988 4030 βλάστοι
1005 3960 1105 4027 ποτὲ,“

289 4049 437 4119 Ἡρόδοτος
455 4045 531 4117 λέγει
552 4065 558 4077 ·
578 4047 711 4116 ,,Μητρος
729 4048 775 4101 καὶ
794 4067 898 4119 nospes
917 4047 966 4101 οιῗκ
985 4047 1021 4102 ἔτ’
1041 4047 1138 4111 ὄντων,
1159 4046 1290 4116 α’θελφόν
1308 4045 1393 4100 ἄλλον
1412 4046 1471 4118 οὐχ

296 4132 379 4206 ἕξπ.“
415 4136 506 4209 (Apud
525 4136 693 4192 Herodotum
717 4139 810 4191 exstat
834 4180 840 4191 .
861 4178 892 4192 ..
919 4134 1023 4202 πατρός
1042 4132 1077 4188 δὲ
1100 4133 1147 4186 καὶ
1163 4131 1267 4204 pompeis
1285 4132 1334 4187 otiu
1355 4132 1395 4186 ἔτι
1412 4153 1471 4206 μιν

294 4225 433 4288 ζωόντων,
454 4221 599 4291 α’δελφεός
617 4224 655 4274 ἂν
668 4221 751 4280 ἄλλος
769 4220 869 4276 oo’dsvi
887 4224 979 4294 τρόπῳ
996 4221 1125 4293 γένοιτο).
1162 4220 1360 4278 ctr.'Dindorfii
1372 4224 1468 4296 (Soph.

291 4315 397 4385 Antig.)
415 4317 508 4370 notem
526 4314 560 4369 ad
577 4331 648 4368 vers.
672 4311 731 4368 900.
751 4313 791 4368 ed.
811 4311 897 4368 Oxou.

366 4403 386 4471 ⁸)
406 4401 564 4473 Complures
584 4419 690 4457 errores
708 4401 864 4456 emendavit
882 4396 999 4455 deletus
1017 4399 1034 4455 l.
1052 4401 1070 4456 l.
1088 4419 1149 4471 pag.
1167 4401 1202 4456 67
1221 4418 1279 4470 sqq.

362 4489 382 4560 ⁴)
400 4489 418 4545 l.
437 4489 454 4545 l.
472 4507 533 4561 pag.
554 4489 612 4544 752.
