3252 5056
815 314 857 380 28

251 541 349 603 τινῶν
375 535 662 624 ἀναγεγραμμένον
692 533 727 602 ἒν
754 540 794 620 τῇ
823 538 924 623 βίβλῳ
953 536 1037 624 πρός
1065 561 1096 602 τι
1124 537 1230 622 δρᾶμα
1257 535 1313 612 τοὶς
1335 534 1429 622 ὄψεις

252 645 521 733 αἰτεγλανκώβη.“

336 757 428 824 Unde
449 753 681 841 intellegimus,
713 754 830 838 quanto
854 754 957 820 studio
980 753 1087 822 Iudaei
1110 773 1221 821 causas
1244 775 1318 820 snae
1340 754 1430 840 genti

252 866 440 932 honorificas
457 861 712 951 excogitaverint,
729 881 784 928 cur
800 863 979 930 doctissima
989 865 1181 931 Graecorum
1196 884 1274 951 gens
1286 865 1430 931 Hebrae-

257 997 345 1042 orum
369 973 764 1061 sapientiam'neglexerit.
800 974 914 1042 Totam
936 975 1024 1040 illam
1047 974 1261 1041 narrationem
1283 993 1350 1040 esse
1373 976 1431 1040 fic-

253 1088 321 1151 tam
350 1085 448 1177 facile
472 1083 626 1151 evincitur
657 1102 694 1149 ex
724 1084 894 1160 erroribus,
932 1085 985 1168 qui
1016 1087 1127 1151 eontra
1154 1084 1303 1151 historiae
1336 1086 1432 1152 fidem

254 1196 430 1261 offendunt.

223 1387 225 1400 Ι
338 1305 423 1372 Nam
455 1304 654 1370 Demetrium
692 1306 882 1372 Phalereum
919 1307 1112 1389 Theopompi
1151 1306 1327 1372 auditorem
1367 1325 1433 1370 non

254 1414 350 1480 fuisse
383 1434 421 1481 er
451 1415 629 1497 temporum
660 1415 783 1482 ratione
814 1417 908 1499 plane
936 1417 1044 1499 patet:
1072 1417 1126 1500 qui
1157 1435 1229 1484 cum
1260 1416 1436 1481 Isocratem

254 1525 419 1601 audiebat,
441 1523 623 1590 Demetrius
652 1545 753 1592 annos
780 1525 916 1609 pueriles
939 1527 1080 1592 nondum
1103 1528 1295 1602 excesserat:
1323 1527 1437 1608 postea

254 1654 327 1702 vero
348 1633 402 1699 ille
426 1637 683 1724 ,,μισαδη’ναιις“
707 1637 851 1703 Athenas
874 1657 1039 1721 nunquam
1059 1635 1211 1703 redierat:
1241 1636 1437 1702 Theodectes

256 1746 365 1810 autem
386 1743 450 1810 iam
472 1745 542 1808 octo
565 1743 656 1811 annis
678 1747 774 1812 antea
797 1767 892 1830 qnam
913 1747 1096 1814 Demetrius
1122 1745 1238 1830 prodiit
1265 1746 1438 1811 defunctus

255 1857 325 1920 erat
336 1854 370 1937 1).
413 1853 547 1920 Dicendi
575 1855 708 1938 denique
735 1875 850 1941 genere
877 1857 930 1923 ille
957 1857 1293 1924 Pseudo-Demetrius
1323 1875 1438 1922 recen·

255 1965 368 2030 tiorem
377 1963 462 2030 illius
473 1965 586 2031 aetatis
597 1965 740 2052 linguam
748 1969 845 2051 atque
857 1969 933 2034 adeo
941 1969 1088 2038 Latinam
1098 1966 1438 2042 aemulaturdonfer,

256 2095 383 2159 quaeso,
399 2095 494 2160 quam
513 2095 576 2141 nou
591 2075 700 2142 Cobeti
712 2077 739 2161 2)
762 2075 927 2144 iudicium:
951 2081 1011 2163 „cd
1027 2088 1072 2177 τῷ
1089 2080 1244 2171 Ἀθηναίῳ
1260 2086 1438 2168 Δημητρίῳ

257 2187 408 2274 εἰρημένα
428 2191 479 2255 καὶ
497 2186 719 2271 ἐπεσταλμένα
741 2189 779 2256 οὐ
794 2191 896 2273 μόνον
910 2190 1047 2280 Ἀττικῆς
1063 2194 1191 2280 χάριτος
1210 2191 1303 2259 οὐδὲν
1318 2189 1407 2269 αἰτόζ
1409 2213 1439 2256 ει

257 2302 309 2364 καὶ
325 2296 419 2364 οὐδὲν
441 2297 524 2371 ὅλοις
542 2295 711 2365 ἄττικδν
733 2297 890 2384 ἒμᾳαίνει,
914 2299 996 2368 α’λλοῖ
1017 2307 1068 2373 καὶ
1091 2303 1254 2376 ἰδιωτικῶς
1275 2299 1314 2365 τοὶ
1329 2299 1439 2365 πάντα

257 2415 440 2494 πέφρασται
462 2411 513 2473 καὶ
531 2405 778 2495 ιῖμιβαρβιὶραςις
803 2412 958 2494 congruat
981 2429 1053 2477 cum
1075 2411 1129 2488 eie,
1152 2429 1231 2494 quae
1248 2407 1438 2494 Diogenes³)

259 2516 296 2581 de
319 2514 472 2581 Demetrii
487 2514 625 2582 Phalerii
647 2517 825 2584 elocutione
847 2519 961 2586 sentit:
984 2521 1164 2611 ,,χαρακιιξρ
1187 2523 1222 2588 δὲ
1244 2521 1439 2606 φιλόσοφος,

260 2627 386 2718 εὐτονίᾳ
409 2633 559 2716 ῥητορικῇ
582 2633 634 2695 καὶ
656 2629 789 2712 δυνάμει
811 2634 1028 2714 κεκραμένος.“

344 2737 389 2802 At
412 2735 525 2802 dixerit
547 2737 716 2819 quispiam:
745 2747 779 2805 τί
798 2746 896 2806 ταῦτα
918 2742 1002 2826 πρδς
1023 2742 1199 2823 Διόνυσον,·
1227 2741 1320 2804 Hanc
1340 2737 1440 2822 igitur

259 2847 476 2930 quaestionem
505 2845 676 2921 movimus,
706 2848 789 2929 quod
816 2847 842 2913 is
863 2849 930 2930 ipse
952 2849 1132 2916 Demetrius
1155 2847 1310 2914 Clementi
1329 2847 1440 2913 nostro

259 2958 342 3024 male
370 2955 480 3021 illusit.
524 2955 722 3021 Demetrium
754 2957 879 3040 quidem
908 2959 1020 3026 laudat
1049 2958 1081 3024 in
1111 2960 1229 3025 cohort.
1259 2960 1298 3024 ad
1326 2959 1441 3044 gentes

261 3087 287 3132 c.
303 3069 358 3143 IV,
380 3086 453 3152 pag.
473 3071 531 3132 41:
562 3070 765 3158 ,Λιγμήτριος
789 3069 824 3136 ἒν
847 3074 984 3160 δευτέρῳ
1007 3077 1071 3137 τῶν
1093 3070 1275 3156 Ἀργολικῶν
1298 3071 1331 3136 et
1357 3067 1439 3133 libro

261 3177 361 3260 primo
385 3176 575 3242 stromatum
599 3195 625 3242 c.
649 3181 700 3253 21,
723 3197 795 3264 pag.
821 3182 899 3245 104:
930 3182 1134 3272 ,Λημήτριος
1156 3184 1192 3248 δέ
1212 3200 1313 3267 φησιν
1335 3179 1368 3246 ἐν
1391 3187 1440 3267 τῷ

262 3295 338 3372 περὶ
356 3295 421 3355 τῶν
443 3287 477 3356 ἒν
493 3295 532 3376 τῇ
548 3289 680 3381 Ἰουδαίᾳ
698 3291 894 3375 βασιλέωνίι
917 3289 1018 3372 capite
1033 3289 1166 3373 denique
1179 3289 1281 3356 ΧΧΠ.
1300 3288 1440 3354 θίιιέᾶθιι]

261 3397 331 3466 libri
352 3418 424 3484 pag.
442 3402 512 3466 122.
530 3399 606 3462 haee
623 3398 733 3463 affert:
757 3401 1017 3489 „dpupveodrivac
1038 3404 1072 3467 δὲ
1094 3401 1149 3474 τας
1172 3383 1303 3486 γραφαῖς,
1326 3401 1384 3476 τοὶς·
1401 3426 1440 3468 τε

262 3517 319 3579 τοῦ
337 3492 449 3594 νόμου,
471 3514 523 3576 καλ
541 3507 596 3584 adr
610 3508 824 3597 προφητικδς,
847 3508 880 3576 ἐκ
896 3516 952 3598 τῆς
970 3517 1034 3576 τῶν
1046 3510 1195 3596 Ἑβραίων
1213 3513 1375 3578 διαλέκτου
1394 3511 1441 3586 εἰς

263 3621 322 3708 τήν
340 3619 471 3685 Ἐλλάδα
494 3621 637 3704 γλῶττάν
660 3640 759 3702 φασιν
781 3617 837 3685 ἐπὶ
858 3622 1011 3704 βασιλέως
1026 3623 1230 3700 Πτολεμαίου
1254 3627 1311 3686 τοῦ
1327 3626 1441 3704 Λαγοῦ

263 3729 292 3819 ἢ,
317 3727 358 3804 δίς
390 3752 490 3810 τινες,
525 3727 581 3794 ἐπὶ
607 3734 665 3794 τοῦ
693 3731 896 3815 Φιλαδέλφου
919 3728 1167 3817 ἐπικληθέντος,
1197 3729 1257 3818 τήν
1284 3739 1442 3818 μεγίστην

338 3903 357 3971 ¹)
377 3901 431 3957 cfr.
450 3901 606 3956 Maercker:
626 3901 659 3954 de
677 3899 839 3954 Theodectis
860 3900 919 3954 vita
938 3902 966 3953 et
984 3899 1100 3971 seriptis.
1119 3881 1180 3970 pag.
1199 3899 1241 3954 29.

338 3989 358 4060 ⁹)
377 3990 394 4044 l.
414 3989 431 4044 l.
459 3989 473 4039 d
493 3987 648 4056 Δημήτριος
667 3981 757 4036 ον’δὲν
774 3983 885 4052 βέλτιον
904 3983 1041 4048 ἑλληνίζει
1064 3984 1081 4048 ἢ
1100 3986 1130 4036 οἱ
1146 3983 1325 4053 ἐπιτυχόντες
1344 3979 1375 4036 ἐκ
1393 3990 1443 4038 τοῦ

265 4077 366 4132 πολλοῦ
386 4077 527 4146 capparoni
545 4077 601 4125 τῶν
618 4071 821 4142 Ἀλεξανδρέων
831 4093 859 4129 v.
871 4091 897 4142 g.
918 4071 996 4123 λίαν
1010 4065 1343 4142 ἐξεθαύμασε·νοοειλιιιλο
1362 4071 1443 4125 λίαν

265 4167 366 4236 aliquid
381 4165 459 4219 venit
474 4164 503 4217 in
519 4163 625 4228 vitium,
645 4161 800 4217 Demetrius
818 4179 875 4215 rem
893 4161 1000 4215 omnino
1020 4160 1181 4214 contrariam
1200 4161 1349 4230 scripturus
1368 4163 1443 4226 erat;

266 4252 419 4318 μετέλαβον
443 4251 501 4305 Lat.
530 4251 623 4320 accepi
647 4268 695 4319 pre
722 4243 869 4319 ἐπαυόμην
888 4244 1036 4317 ·ταραχγ“ν
1055 4246 1209 4317 λαμβάνειν
1233 4265 1281 4320 pro
1306 4244 1445 4315 λαμβάνει

221 4393 223 4398 ,
264 4358 303 4410 με
320 4338 426 4410 ταραχή
446 4338 501 4389 κτλ.

338 4429 358 4500 ³)
376 4429 394 4484 l.
413 4427 431 4484 l.
450 4427 483 4494 V,
502 4427 544 4487 82.
