3252 5056
681 365 889 468 -u-

193 585 381 671 compositos
412 605 479 652 esse
507 586 709 668 comprobare
738 587 859 652 volunt.
901 586 968 652 Nos
999 586 1111 653 contra
1141 590 1369 674 respondemus

192 697 308 763 mirum
330 696 439 780 utique
463 715 546 772 esse,
570 696 595 760 si
617 699 731 762 auctor
754 696 1069 773 commentariorum,
1105 697 1245 781 quisine
1268 699 1314 766 ira
1336 703 1370 767 et

193 808 296 874 studio
331 807 412 872 illud
446 807 627 872 litterarum
662 826 763 894 genus
800 807 980 883 exercebat,
1018 827 1055 872 ea
1087 807 1155 890 ipsa
1190 809 1369 877 adulterina

191 917 315 984 Iudaeis
330 916 423 982 nimis
443 935 544 1000 aequa
558 917 596 997 ¹J,
612 915 739 983 Graecis
755 934 828 982 vero
846 914 953 999 iniqua
964 915 1003 1000 2),
1024 917 1206 984 testimonia
1225 920 1369 1005 collegit;

193 1028 289 1094 etiarn
318 1026 420 1113 magis
449 1026 591 1110 profecto
621 1026 670 1092 est
697 1025 814 1092 mirum
843 1025 1001 1091 honinem
1031 1027 1188 1093 Graecum
1218 1029 1370 1114 gloriosas

191 1138 269 1204 istas
291 1136 481 1204 Indaeorum
510 1136 683 1219 ampullas,
716 1155 810 1219 quae·
827 1135 973 1202 nimirum
1003 1156 1092 1202 suam
1120 1138 1217 1220 ipsius
1238 1142 1368 1224 gentem

192 1248 437 1335 religionemque
454 1248 521 1312 tarn
539 1247 742 1312 uehementer
761 1245 993 1321 detrectabant,
1011 1219 1244 1330 primptissimo
1265 1250 1368 1320 animo

191 1358 343 1441 proferre.
387 1357 565 1423 Memorato
582 1355 715 1438 deniqne
731 1355 861 1440 dignum
878 1357 937 1431 est,
961 1356 1080 1438 quanto
1093 1357 1197 1423 studio
1208 1360 1369 1442 Iosephus,

192 1467 355 1544 Clemens,
382 1465 552 1542 Eusebius,
580 1485 714 1549 quorum
743 1464 897 1531 scribendi
925 1464 1080 1532 rationem
1108 1465 1185 1532 sutis
1211 1467 1275 1533 iarn
1296 1487 1369 1551 per-

193 1577 369 1662 speximus,
397 1575 468 1641 illos
498 1575 535 1641 de
565 1554 697 1641 ludaeis
719 1575 960 1641 commentarios
989 1575 1198 1642 adhibuerint.
1251 1579 1369 1661 Quibus

192 1688 285 1753 rebus
314 1685 549 1768 circumspectis
586 1683 732 1750 omnibus
765 1685 1000 1767 rationibusque
1030 1685 1193 1754 subductis
1221 1687 1369 1766 adducor,

192 1799 230 1862 ut
260 1795 408 1879 Rumpfio
439 1795 593 1862 assentiar
625 1793 798 1877 dicenti³):
836 1793 1024 1870 „Eiusmodi
1056 1798 1298 1864 commentarios
1331 1799 1369 1864 de

191 1907 284 1973 rebus
307 1906 497 1972 Iudaeorum
520 1904 553 1970 in
575 1924 675 1970 unum
698 1902 850 1990 redigere,
871 1903 902 1969 id
931 1903 1013 1987 quod
1034 1903 1114 1970 libro
1136 1925 1249 1972 nomen
1272 1910 1369 1993 Poly-

191 2016 317 2082 historis
350 2035 425 2098 prae
454 2034 486 2081 se
513 2015 636 2082 ferente
667 2014 806 2090 factum,
839 2013 948 2079 Iudaei
976 2033 1078 2098 neque
1102 2016 1213 2082 Graeci
1234 2016 1369 2083 bominis

193 2127 251 2191 est.
296 2125 411 2208 Neque
434 2124 561 2201 mirum,
584 2123 807 2208 compilantcm
829 2123 926 2190 istum
950 2125 1108 2192 hominem
1130 2126 1277 2192 historiae
1294 2147 1368 2192 suec

193 2235 364 2301 Alexandri
385 2234 590 2320 Polyhistoris
619 2253 734 2300 nomen
764 2233 976 2314 inscripsisse,
1010 2235 1124 2320 quippe
1154 2237 1207 2320 qui
1236 2236 1367 2324 diligen·

191 2323 330 2409 tissimus
359 2343 558 2428 antiquitatis
580 2344 827 2428 mythorumque
850 2343 945 2409 Asiae
968 2346 1097 2412 minoris
1127 2349 1160 2411 et
1182 2345 1289 2431 Syriae
1318 2347 1368 2412 in·

191 2453 365 2541 vestigator
388 2473 424 2520 eo
447 2456 588 2536 tempore
610 2454 811 2520 baberetur.“

277 2564 432 2631 Absoluta
454 2564 513 2628 hac
536 2563 574 2628 de
597 2562 800 2646 scriptoribus
821 2563 993 2640 relatione,
1025 2563 1156 2648 singulis
1178 2565 1367 2641 excursibus,

194 2677 350 2759 quantum
374 2692 411 2740 ex
432 2672 518 2738 libris
540 2671 671 2738 servatis
693 2671 830 2738 iudicare
852 2672 937 2749 lieet,
958 2672 1196 2759 illustrabimus,
1219 2695 1276 2741 nos
1298 2694 1367 2740 rec·

195 2782 351 2849 tissimam
375 2782 411 2859 de
434 2781 605 2849 Clementis
627 2780 766 2848 fontibus
789 2782 1001 2848 coniecturam
1024 2782 1143 2848 iecisse.

150 3084 153 3089 Α
193 3058 244 3112 wir
259 3057 347 3113 haben
360 3075 390 3112 es
405 3059 456 3112 mit
470 3059 666 3115 einemManne
679 3062 802 3129 autbun,
822 3063 870 3117 der
888 3063 975 3117 ohne
993 3063 1190 3117 bestimmte
1208 3059 1367 3124 Absicht‚

191 3146 281 3201 ohne
309 3147 498 3201 Interesse
528 3147 573 3200 fiir
600 3149 652 3202 den
678 3145 806 3201 lnbult
831 3151 921 3204 seiner
947 3150 1034 3204 Texta
1061 3150 1110 3203 auf
1133 3150 1184 3218 gut
1210 3145 1299 3202 Gluok
1326 3163 1369 3199 zu·

190 3225 399 3288 sammenrefft.“
1366 3259 1369 3266 ¹

266 3319 286 3388 ¹)
305 3321 405 3375 Omisit
423 3339 445 3376 e.
462 3337 488 3390 g.
507 3322 598 3377 fontes
617 3339 685 3390 quos
703 3324 813 3376 secutus
827 3322 954 3378 Claudius
973 3322 1062 3376 Iolaus
1080 3321 1194 3375 Iudaeos
1213 3321 1246 3374 ab
1256 3320 1368 3375 Graecis

190 3410 266 3462 ortos
284 3424 345 3461 esse
364 3408 484 3463 tradidit.

265 3494 286 3563 ²)
318 3495 411 3550 Veluti
438 3497 471 3551 de
497 3497 579 3552 furtis
606 3498 748 3552 litterariis
773 3497 936 3552 Graecorum
943 3519 950 3563 ;
976 3498 1095 3554 Graecos
1121 3497 1155 3551 ab
1179 3495 1286 3549 Iudaeis
1308 3512 1369 3549 esse

190 3585 337 3638 mutuatos.

264 3671 284 3740 ⁸)
309 3670 506 3727 Commendatio
531 3673 564 3727 de
587 3672 736 3726 Alexandri
758 3671 941 3742 Polyhistoris
967 3672 1025 3726 vita
1050 3674 1078 3725 et
1101 3669 1219 3740 seriptis.
1260 3667 1368 3722 Heidel-

190 3757 298 3826 bergae.
319 3758 395 3812 1845.
412 3777 474 3829 pag.
493 3759 534 3814 25.
