3252 5056
760 362 967 461 -16.„„

278 580 416 666 quisquis
439 581 536 647 semel
558 581 608 647 uel
629 580 739 648 leviter
762 580 827 646 eius
849 579 944 645 libros
975 579 1132 666 attigerit3
1165 581 1218 664 qui
1245 581 1354 645 autem
1377 599 1452 644 eru-

280 692 405 757 ditionis
427 691 515 775 quasi
536 690 652 756 rivulos
675 694 802 756 secutus
825 690 900 766 erit,
928 690 1014 756 brevi
1034 690 1174 757 inveniet
1195 690 1359 756 sexcentos
1378 689 1453 754 illos

277 803 375 869 libros
387 820 464 884 quos
479 801 666 884 excerpsisse
688 820 719 866 se
741 800 822 867 iatat
843 801 928 866 haud
950 800 1075 866 difficile
1098 800 1139 866 ad
1160 802 1311 884 pauculos
1334 819 1451 883 eosque

279 913 473 979 adulterinos
500 930 590 994 posse
619 911 759 976 revocari
783 931 819 957 —‘
842 911 875 975 id
896 911 979 992 quod
999 910 1082 977 inira
1111 911 1242 999 siugulis
1270 910 1453 976 excursibus

276 1023 507 1090 illustrabimur
539 1024 572 1089 et
603 1021 896 1088 demonstrabimus.
950 1021 1142 1087 Graecorum
1171 1021 1304 1105 denique
1336 1020 1455 1086 fabulis

278 1133 527 1200 Romanensibus
555 1152 635 1217 quae
664 1131 795 1197 nimium
818 1133 973 1214 quantum
995 1130 1124 1210 secundi
1145 1151 1176 1214 p.
1201 1131 1257 1198 Ch.
1280 1153 1311 1196 n.
1333 1132 1455 1198 saeculi

276 1245 410 1331 ingeniis
443 1242 613 1326 studiisque
647 1242 880 1325 respondebant
909 1243 943 1306 et
973 1240 1040 1323 ipse
1068 1241 1213 1308 Clemens
1247 1244 1455 1309 uehementer

170 1405 172 1408 .
279 1356 471 1421 delectatur:
502 1353 680 1418 memoratu
710 1349 836 1435 quidem
866 1350 996 1436 dignum
1019 1370 1086 1416 esse
1107 1352 1231 1419 videtur
1253 1373 1362 1421 omues
1384 1356 1454 1421 fere

278 1485 356 1550 quos
378 1464 524 1530 Clemens
545 1462 656 1527 laudat
678 1460 857 1528 Aristotelis
885 1462 969 1527 locos
999 1461 1201 1545 depromptos
1229 1483 1295 1530 osse
1324 1484 1361 1530 ex
1388 1464 1456 1529 illis

278 1579 348 1643 tum
386 1574 490 1657 ipsum
528 1571 662 1637 maxime
701 1572 790 1655 quasi
823 1571 1053 1638 luxuriantibus
1092 1571 1175 1638 fictis
1216 1573 1456 1658 subditiciisque

279 1683 459 1752 Aristotelis
481 1682 650 1765 scriptis1).

360 1792 566 1860 Pervenimus
599 1792 726 1864 tandem
757 1793 798 1858 ad
829 1794 974 1860 ultimam
1003 1795 1165 1861 relationis
1193 1796 1285 1862 huius
1315 1797 1455 1879 partem,

278 1925 341 1990 qua
364 1885 402 1970 de
423 1902 635 1986 philosophica
657 1901 829 1968 Clementis
857 1904 1033 1970 eruditione
1061 1922 1163 1989 pauca
1191 1905 1341 1971 disserere
1364 1905 1456 1970 nobis

278 2016 389 2082 restat.
432 2016 479 2078 Ao
501 2011 638 2094 primum
660 2011 785 2096 quidem
807 2013 968 2097 quaeritur
990 2016 1100 2080 utrum
1113 2015 1259 2081 Clemens
1276 2014 1456 2097 philosophi

186 2104 191 2114 .
279 2125 442 2191 cuiusdam
468 2124 638 2206 praecepta
666 2121 757 2187 unico
785 2124 963 2206 probaverit
993 2145 1033 2190 an
1063 2163 1103 2172 —-
1138 2128 1174 2191 ut
1196 2126 1240 2191 ait
1261 2123 1456 2206 Horatiusl)

279 2235 397 2301 nullius
419 2233 562 2299 addictus
584 2231 685 2297 iurare
706 2231 738 2296 in
762 2234 856 2300 rerba
878 2234 1031 2320 magistri,
1054 2233 1241 2319 quocunque
1268 2255 1340 2301 eum
1368 2235 1456 2318 rapit

279 2348 466 2429 tempestas,
506 2341 666 2407 deferatur
701 2343 828 2426 hospes3
866 2336 945 2409 'nam
981 2345 1064 2411 inter
1101 2364 1209 2411 omues
1241 2345 1307 2410 fere
1343 2346 1456 2412 doctos

281 2433 406 2521 constat
434 2453 601 2536 scriptores
629 2452 856 2520 ecclesiasticos
877 2455 1087 2520 Alexandriae
1113 2456 1262 2522 florentes
1286 2457 1456 2524 Platonem

281 2567 332 2631 vel
353 2564 469 2630 rectius
490 2564 699 2630 recentiorem
722 2563 786 2630 eius
809 2563 1003 2648 disciplinam
1026 2583 1104 2649 quae
1120 2565 1341 2649 neoplatonica
1356 2567 1455 2651 vulgo

279 2678 410 2743 vocatur
431 2674 626 2759 philosophia
656 2693 722 2740 esse
745 2678 886 2750 secutos3
917 2674 971 2739 sed
1000 2675 1102 2740 adhuc
1129 2676 1187 2742 sub
1214 2674 1314 2741 iudice
1342 2675 1381 2741 lis
1404 2677 1457 2743 est

279 2806 379 2870 neque
409 2786 535 2852 omnino
568 2785 712 2850 omnibus
743 2783 882 2850 numeris
912 2783 1104 2868 absoluta³).
1154 2785 1298 2851 Platonis
1325 2785 1456 2870 quidem

351 2972 371 3040 ι)
395 2973 557 3028 Valentinus
577 2974 649 3028 Rcse
675 2972 849 3040 (Aristoteles
866 2974 1123 3045 pseudepigraphus.
1160 2977 1276 3046 Lipsiae.
1303 2977 1381 3046 1863)
1407 2996 1456 3032 ex-

278 3063 380 3117 aminat
399 3063 614 3130 quattuordecim
635 3063 709 3117 locos
728 3063 975 3135 pseudepigraphos
1000 3065 1047 3133 qui
1070 3065 1141 3136 apud
1160 3064 1326 3119 Clementem
1349 3065 1457 3120 inveni-

278 3153 374 3216 untur;
398 3149 427 3202 in
446 3149 615 3204 diiudicanda
640 3148 698 3204 libr.
718 3151 737 3204 I.
757 3152 849 3204 strom.
868 3168 928 3219 pag.
949 3151 1000 3205 399
1023 3193 1029 3206 .
1049 3194 1055 3206 .
1076 3193 1082 3206 .
1111 3151 1150 3208 dis·
1169 3167 1256 3218 φησιν
1274 3149 1459 3220 Ἀριστοτέλης

280 3230 312 3287 ἐν
330 3240 364 3303 τῇ
384 3234 503 3286 Φωκέων
521 3234 644 3304 πολιτείᾳ
668 3237 736 3291 haec
760 3237 789 3290 in
810 3237 968 3293 universum
986 3239 1019 3292 de
1042 3238 1163 3293 fontibus
1186 3256 1254 3308 quos
1281 3241 1392 3294 secutus
1416 3239 1459 3294 sit

279 3323 403 3378 Clemens
415 3324 444 3377 in
453 3324 601 3378 Aristotele
609 3324 742 3378 laudando
753 3325 887 3394 disputat:
909 3325 1116 3394 „Fragmentum
1125 3327 1269 3382 manifesto
1280 3326 1417 3397 spurium.
1429 3369 1436 3382 .
1448 3370 1455 3383 .

278 3415 403 3466 recentes
426 3411 506 3483 primi
531 3412 588 3464 fere
612 3414 676 3483 post
700 3410 761 3466 Chr.
785 3430 811 3466 u.
837 3411 938 3466 saeculi
961 3411 1172 3482 Chaldaicasque
1194 3415 1303 3484 sapiens
1325 3416 1458 3484 supersti-

278 3500 383 3554 tiones:
408 3499 479 3568 quod
503 3500 537 3553 ad
560 3499 708 3569 pessimum
732 3499 799 3553 illud
823 3501 957 3569 pertinere
979 3501 1110 3555 falsarum
1133 3502 1285 3556 litterarum
1309 3520 1396 3571 genus
1421 3503 1457 3558 de

278 3604 331 3655 quo
350 3587 407 3654 egit
424 3587 579 3641 Hercherus
597 3588 742 3656 persuadet
752 3587 906 3642 Dorotheus
924 3589 1018 3642 eodem
1035 3589 1094 3644 loco
1112 3607 1172 3660 pag.
1184 3590 1234 3644 399
1252 3591 1334 3646 Pett·
1345 3591 1456 3659 citatus,

278 3675 359 3729 fictus
378 3674 424 3729 ille
441 3675 766 3747 Pseudoplutarcheorum
784 3676 865 3730 testis
888 3694 967 3745 quem
991 3677 1070 3732 novit
1092 3677 1150 3747 ipse
1177 3681 1296 3733 Clemens
1317 3679 1456 3750 Protrept.

278 3780 340 3831 pag.
364 3762 397 3816 35
422 3765 499 3818 horno
522 3766 679 3818 semidoctus
700 3767 831 3834 facileque
856 3767 977 3834 deceptus
1001 3783 1135 3834 quemque
1158 3766 1309 3820 Ptolemaei
1333 3766 1457 3821 inventis

278 3850 360 3903 fidem
378 3849 505 3904 habuisse
524 3850 717 3904 animadvertit
735 3850 867 3916 Hercher‚
892 3854 1041 3905 ceterorum
1060 3853 1221 3922 scriptorum
1245 3852 1392 3908 auctoritas
1411 3857 1460 3908 est

278 3937 306 3989 in
324 3939 439 4005 utroque
457 3936 605 3992 Clementis
622 3937 681 3992 loco
700 3956 814 3992 unacmn
829 3939 966 3994 Dorotheo
986 3940 1128 3994 citatorum
1145 3940 1292 4006 Demarati,
1311 3939 1458 4010 Pythoclis

279 4026 308 4078 et
317 4024 429 4079 Monimi
447 4025 529 4079 etiam
547 4028 579 4079 ut
597 4024 849 4080 credoMirabilium
868 4027 1008 4096 scriptoris
1027 4029 1056 4081 et
1067 4027 1181 4081 aliorum
1195 4028 1321 4093 fortasse,
1339 4042 1456 4094 quorum

278 4114 308 4164 91
324 4111 433 4166 nomina
450 4115 515 4167 ncta
533 4114 562 4166 et
579 4110 664 4166 libri.“

350 4198 371 4268 ³)
390 4217 449 4270 epp.
468 4201 488 4266 1,
509 4200 532 4265 l,
553 4199 593 4265 14,
614 4200 654 4254 15.

351 4286 371 4354 ⁸)
389 4286 516 4341 Daehne:
541 4287 582 4340 Ι)9
600 4282 707 4352 γνώσει
732 4285 880 4341 Clementis
897 4286 1074 4340 Alexandrini
1099 4290 1128 4342 et
1152 4288 1185 4342 de
1203 4288 1329 4356 vestigiis
1347 4287 1460 4357 neopla-

277 4374 384 4428 tonicae
407 4373 594 4443 philosophiae
618 4375 646 4428 in
671 4392 703 4428 ea
727 4375 822 4429 obviis.
864 4374 1017 4442 Dbllinger:
1042 4375 1206 4429 Heidentum
1223 4375 1278 4429 und
1296 4374 1457 4442 Judentum,

278 4478 339 4530 pag.
358 4460 409 4515 295
427 4476 486 4529 sqq.
