3252 5056
739 1268 769 1366 I.

170 1421 435 1521 Recoguitio
464 1422 717 1506 editionum
744 1428 788 1507 et
814 1426 1062 1523 librorum,
1096 1424 1261 1526 quibus
1288 1383 1342 1505 de

367 1549 612 1631 Clementis
639 1549 845 1634 fontibus
873 1551 1145 1652 disputatur.

254 1749 402 1815 Omnium
426 1751 574 1816 ecclesiae
603 1755 731 1834 patrum
752 1753 895 1819 doctrina
924 1754 1018 1838 longe
1045 1755 1093 1818 cst
1116 1751 1343 1836 copiosissimus

175 1861 317 1928 Clemens
345 1862 603 1942 Alexandrinos,
633 1883 726 1946 quem
755 1883 877 1929 summo
905 1863 972 1927 inre
1001 1863 1160 1944 appellare
1190 1861 1344 1944 possimus

172 1970 398 2047 „Plutarchum
422 1971 660 2039 christianum“.
705 1974 749 2040 Ut
773 1972 914 2038 doctrina
937 1990 1045 2036 omnes
1069 1971 1207 2036 eiusdem
1230 1970 1344 2037 aetatis

116 2163 119 2170 ,
171 2079 337 2162 scriptores
366 2098 469 2174 sacros
491 2082 688 2166 gentilesque
712 2083 889 2158 antecedit,
917 2081 962 2146 ita
989 2081 1125 2146 fontium
1146 2080 1344 2166 indagationi

171 2209 310 2255 summas
333 2191 488 2256 obstruxit
511 2191 731 2269 difficultates,
763 2193 911 2277 quoniam
934 2212 996 2257 non
1020 2191 1097 2258 nihil
1120 2192 1157 2256 de
1181 2210 1236 2256 suo
1260 2190 1346 2256 dedit

172 2318 273 2382 neque
297 2301 398 2365 artem
421 2301 557 2368 fontium
577 2303 661 2368 unde
681 2302 787 2368 hausit
803 2323 883 2368 nova
905 2323 1011 2368 rerum
1036 2299 1234 2383 dispositione
1252 2319 1346 2366 occu-

171 2411 335 2489 lendorum
358 2409 484 2494 ignorat
507 2450 547 2458 —
570 2414 651 2477 solet
671 2412 754 2478 enim
778 2412 931 2478 dissecare
953 2432 1033 2496 quae
1056 2411 1176 2477 invenit
1202 2411 1286 2476 inter
1314 2431 1346 2476 se

173 2519 359 2600 connexa1).

256 2630 334 2694 Cum
366 2626 462 2714 igitur
492 2629 636 2694 Clemens
665 2631 898 2696 Alexandrinus
928 2635 1071 2698 doctrino
1102 2655 1197 2714 qaam
1228 2633 1348 2696 exhibet

175 2741 216 2806 ad
247 2744 423 2806 litterarum
447 2739 645 2805 Graecarum
676 2745 860 2808 memoriam
893 2743 1116 2824 explicandam
1145 2740 1230 2804 haud
1250 2731 1348 2822 ¹parvi

174 2849 213 2915 sit
235 2848 405 2924 momenti,
434 2849 549 2913 mirum
573 2868 635 2914 non
660 2842 708 2914 cst
729 2851 847 2916 multos
872 2851 935 2917 ianr
958 2850 1039 2916 viros
1063 2850 1170 2914 doctos
1199 2851 1271 2931 post
1293 2848 1347 2914 lit-

173 2964 258 3026 teras
273 2961 401 3025 renatas
422 2958 453 3023 in
474 2960 559 3024 hunc
581 2959 684 3042 ipsum
701 2961 884 3049 scriptorem
903 2959 1149 3027 ecclesiasticum
1172 2961 1276 3025 studia
1292 2978 1348 3024 sua

174 3071 374 3140 convertisse.
424 3068 493 3134 Etsi
512 3069 760 3137 Christianarum
787 3072 968 3137 litterarum
991 3071 1121 3137 Graeca
1142 3071 1349 3135 monumenta

172 3184 322 3264 pleraque
345 3181 411 3245 fere
432 3180 537 3245 iacent
560 3182 723 3265 neglecta,
753 3182 860 3246 tamen
891 3181 928 3245 dc
950 3179 1112 3245 Clemente
1135 3179 1348 3245 Alexandrino

172 3293 268 3373 paulo
292 3290 404 3355 melius
426 3290 541 3376 agitur.
585 3293 633 3356 En
657 3290 753 3354 habes
777 3327 816 3336 -
838 3309 894 3370 pro
916 3293 1006 3371 patre
1030 3288 1240 3354 ecclesiastico
1263 3292 1348 3354 certe

172 3402 302 3486 longam
319 3439 359 3446 -
377 3401 488 3465 scriem
504 3399 695 3466 editionum:
720 3399 812 3464 editio
833 3399 916 3465 enim
932 3399 1077 3482 princeps
1091 3398 1207 3482 prodiit
1219 3400 1350 3464 Floren-

175 3510 239 3576 tiae
269 3529 352 3575 anno
383 3513 464 3576 1550
495 3528 570 3575 cura
600 3509 887 3592 reuiuisceret).
944 3510 1050 3575 Patria
1079 3511 1187 3574 nostra
1215 3509 1351 3592 primam

177 3621 362 3698 editionem,
397 3639 476 3703 quae
511 3600 715 3685 eodemiure
745 3619 891 3702 princeps
923 3618 1078 3684 nominari
1105 3620 1227 3701 potest,
1259 3619 1352 3684 debet

176 3731 332 3797 indefesso
360 3729 459 3797 labori
488 3728 645 3814 Sylburgii
673 3732 862 3795 ann01592
889 3728 1116 3815 Heidelbergae
1144 3717 1232 3812 prelo
1260 3750 1351 3795 man-

179 3843 297 3907 datam.
342 3839 499 3926 Sylburgii
521 3838 689 3904 editionem
713 3857 794 3903 nova
817 3857 892 3904 cura
914 3840 1060 3922 repetivit
1075 3840 1188 3906 Daniel
1203 3839 1352 3906 Heinsius

178 3951 341 4038 (Lugduni
372 3951 469 4032 1616)
507 3949 610 4014 minus
641 3947 714 4012 felix
744 3947 775 4012 in
806 3949 895 4014 terto
927 3950 1120 4015 restituendo
1156 3971 1251 4036 quarn
1281 3951 1352 4035 Syl-

179 4059 320 4146 burgius.
364 4060 444 4126 Dein
472 4079 527 4142 per
550 4061 653 4124 totum
676 4059 836 4124 sacculum
863 4060 941 4124 haec
964 4059 1067 4124 studia
1089 4063 1292 4127 cessaverunt
1312 4099 1352 4108 -—

502 4219 581 4226 —-

253 4303 272 4372 ¹)
292 4303 339 4357 cfr.
359 4301 506 4356 Dielesium
526 4303 553 4354 in
572 4302 642 4355 Mus.
661 4301 747 4356 Rhen.
767 4302 821 4356 vol.
840 4301 938 4366 XXXI,
957 4319 982 4370 p.
1002 4300 1080 4354 3411.

253 4390 274 4458 ¹)
293 4389 397 4455 Quibus
417 4389 506 4444 causis
524 4389 623 4443 Petrus
633 4389 772 4444 Victorius
791 4389 923 4443 adductus
941 4389 979 4442 sit
996 4387 1029 4440 ad
1044 4385 1191 4440 Clementis
1209 4385 1352 4439 editionem

183 4478 268 4530 refert
285 4476 425 4532 Xaemmel
443 4476 470 4530 in
492 4476 676 4542 „Jahrbdcher
693 4477 738 4529 fiir
755 4475 920 4544 Philologie“
943 4475 1018 4540 1866,
1037 4472 1090 4528 vol.
1111 4473 1169 4538 148,
1188 4491 1248 4543 pag.
1268 4472 1309 4526 37.

1105 4561 1118 4616 1
1130 4563 1144 4594 ι
