3252 5056
752 364 774 429 9
855 375 860 388 ι

152 616 154 622 ·
179 589 298 670 καίπερ
319 584 456 650 πλεῖστα
478 591 546 657 τοῖς
566 588 632 650 τῶν
652 585 799 651 παλαιῶν
819 587 953 670 βιβλίοις
976 583 1140 674 οἳμιληκοῖς
1161 586 1212 651 καὶ
1229 580 1351 658 πολλαὶς

178 691 229 760 ciet
256 698 321 759 τῶν
349 716 385 759 τι
413 698 559 783 ποιητῶν
585 693 691 783 ῥήσεις
723 697 775 761 καὶ
805 700 870 760 τῶν
900 691 1116 785 καταλογάδγγν
1145 694 1351 781 γεγραφότων

179 811 357 890 μαρτυρίας
379 805 554 888 φιλοτίμως
576 811 836 889 παρατιθέμενος
856 852 864 868 .
885 852 892 868 .
911 805 939 869 .“
953 805 977 886 ¹)
1010 804 1121 887 Itaque
1144 802 1170 868 ei
1194 801 1246 885 qui
1269 800 1352 865 dubii

179 913 315 977 haerent
336 911 491 995 quomodo
513 931 580 977 rem
601 913 714 979 miram
737 913 904 997 explicent,
926 914 1016 981 valde
1038 915 1163 986 errant,
1187 929 1258 975 cum
1281 911 1352 976 Cle-

182 1023 325 1088 mentem
341 1041 439 1105 aeque
452 1024 546 1105 atque
559 1023 771 1100 Athenaeum,
794 1019 1021 1092 Alexandrum,
1044 1023 1094 1088 cui
1107 1018 1352 1106 „Pclyhistoris“

179 1149 354 1218 cognomen
375 1131 499 1214 proprie
522 1131 706 1210 indebatur‚
735 1133 873 1219 aliosque
901 1135 956 1199 sihi
977 1132 1174 1217 proposuisse
1201 1131 1352 1195 censeant

179 1261 276 1325 quam
298 1241 450 1324 plurimas
472 1262 521 1307 res
544 1244 585 1308 ad
606 1243 784 1320 historiam,
807 1244 947 1319 litteras,
979 1242 1201 1326 antiquitates,
1224 1238 1351 1323 mytho-

176 1351 294 1444 logiam
317 1353 496 1434 spectantes
518 1352 655 1437 undique
678 1372 846 1439 congerere
870 1358 964 1438 atque
988 1353 1144 1439 colligere.

264 1461 379 1544 Quodsi
412 1461 459 1526 ita
493 1464 592 1538 esset,
633 1483 708 1529 sanc
748 1467 873 1530 nosmet
905 1464 964 1547 ipsi
997 1462 1090 1547 primi
1127 1481 1199 1526 eum
1239 1459 1350 1524 merito

180 1573 304 1648 „furem
327 1574 360 1636 et
381 1572 559 1638 latroncm“
584 1573 834 1640 diiudicaremus.

265 1682 309 1748 At
323 1699 396 1748 uero
412 1680 444 1746 in
458 1681 630 1750 Clementis
647 1684 770 1768 scriptis
792 1685 910 1750 sincere
933 1675 970 1749 ac
986 1684 1067 1750 iuste
1085 1680 1299 1749 examinandis
1319 1681 1351 1745 id

179 1794 256 1856 ante
271 1791 375 1858 omnia
393 1794 442 1857 est
459 1795 643 1872 tenendum,
666 1795 860 1861 Clementem
877 1795 991 1878 quippe
1008 1793 1061 1878 qui
1082 1793 1222 1877 inprimis
1244 1811 1350 1856 rerum

179 1901 429 1967 Christianarum
451 1905 695 1991 propugnatoris
717 1926 833 1970 munus
855 1904 1044 1987 suscepisset
1070 1903 1146 1969 nihil
1168 1902 1254 1968 aliud
1276 1900 1352 1966 sori-

177 2009 280 2075 hendo
310 2009 442 2078 voluisse
476 2017 532 2080 aut
563 2019 721 2099 spectasse
753 2015 810 2080 nisi
841 2020 878 2082 ut
907 2034 1019 2080 novam
1052 2014 1140 2080 illam
1174 2009 1351 2077 doctrinam

179 2122 218 2186 ah
253 2120 377 2186 iniustis
411 2123 603 2190 Graecorum
638 2129 913 2210 Romanorumque
951 2124 1115 2192 calumniis
1150 2121 1351 2188 defenderet:

180 2232 320 2315 disputat
354 2233 436 2298 enim
471 2252 542 2300 cum
572 2240 683 2302 contra
711 2236 863 2320 gentiles,
897 2239 934 2301 ut
965 2234 1141 2318 praeceptis
1168 2229 1362 2329 Christianis·

180 2343 220 2408 ad
240 2342 364 2407 litteras
387 2345 524 2410 Graecas
546 2347 700 2412 reuocatis
730 2365 765 2411 eo
787 2347 910 2412 facilius
939 2347 979 2411 ad
1001 2344 1116 2412 Christi
1138 2344 1230 2408 fidem
1254 2340 1352 2406 susci-

178 2453 327 2536 piendam
341 2453 410 2518 illos
426 2459 637 2521 commoveret
658 2496 691 2503 —
706 2458 948 2548 Προτρεπτικοῖς
970 2456 1212 2545 eaperecapere
1229 2491 1269 2498 -
1282 2454 1351 2515 tum

180 2582 212 2628 se
237 2562 333 2628 vert‘t
355 2563 395 2628 ad
419 2584 486 2640 eoa,
521 2565 574 2648 qui
595 2567 734 2647 profanis
758 2569 950 2634 Graecorum
974 2565 1127 2631 erroribus
1148 2563 1212 2628 iam
1234 2560 1352 2626 relictis

179 2673 362 2759 religionem
386 2693 498 2739 novam
521 2675 656 2758 amplexi
678 2678 770 2742 erant
793 2714 832 2722 -
855 2676 1058 2763 Παιδαγογὸς
1083 2676 1115 2738 et
1135 2682 1350 2762 Στρωματεῐς.

180 2784 258 2849 lnde
294 2785 459 2867 tamquam
494 2784 710 2852 brevissimum
751 2787 816 2851 eius
855 2805 984 2869 operum
1019 2781 1239 2867 compendium
1273 2780 1351 2844 haec

179 2893 278 2958 ferme
307 2875 447 2958 statuere
473 2915 656 2976 possumus:
690 2898 762 2962 Non
791 2915 858 2962 esse
891 2915 945 2960 cur
973 2914 1082 2960 rerum
1102 2890 1349 2959 Christianarum

181 3003 312 3068 studiosi
333 3005 495 3082 metuant,
523 3024 563 3069 ne
587 3025 690 3070 errore
717 3005 837 3070 abiecto
868 3008 900 3071 et
921 3004 996 3088 ipsis
1019 3003 1145 3089 originis
1166 3000 1352 3084 patriaeque
1393 3045 1395 3050 ·

180 3113 283 3188 honis,
305 3113 487 3179 litterarum
511 3115 686 3199 elegantia,
716 3116 912 3198 philosophia
944 3114 1125 3196 priventur:
1161 3111 1351 3178 ludaeorum

181 3222 265 3288 enim
287 3243 323 3290 ac
345 3223 475 3306 proinde
491 3225 740 3291 Christianorum
758 3225 892 3300 litteras,
915 3226 1037 3290 cultum
1055 3221 1351 3303 humanitatemque

182 3331 310 3399 Graecis
343 3333 462 3416 priores
496 3333 660 3400 exstitisse.
715 3337 878 3410 „Graecos
914 3333 1082 3416 scriptores
1116 3332 1211 3398 etiam
1245 3332 1352 3395 vetus-

180 3442 334 3519 tissimos,
363 3442 389 3509 si
411 3443 485 3528 quid
506 3445 645 3511 habeant
666 3465 741 3528 prae
764 3444 876 3511 ceteris
899 3443 1062 3519 eximium,
1091 3441 1121 3506 id
1151 3440 1221 3506 illos
1243 3456 1352 3504 omnes

181 3552 337 3618 derivasse
361 3553 398 3618 de
420 3555 506 3620 libris
529 3555 643 3621 nostris
665 3557 767 3623 Sacris
789 3553 921 3621 foederis
944 3551 1134 3635 antiqui“²).

265 3667 357 3730 Hanc
383 3664 478 3750 igitur
502 3639 692 3734 sententiam
715 3667 861 3734 Clemens
890 3684 962 3730 cum
992 3661 1104 3727 ceteris
1127 3658 1249 3742 scriptis
1271 3655 1354 3723 tueri

180 3776 275 3857 atque
305 3777 508 3858 comprobare
538 3777 645 3842 studet
674 3779 743 3841 tum
771 3774 906 3840 maxime
935 3772 1148 3839 cohortatione
1179 3768 1353 3853 adgentes

182 3884 457 3974 (προτρεπτικός),
480 3907 542 3970 qua
563 3890 634 3953 tota
656 3886 745 3971 quasi
767 3905 785 3951 a
808 3885 984 3950 carceribus
1003 3883 1043 3949 ad
1065 3883 1184 3947 calcem
1203 3873 1354 3942 eiusmodi

181 3998 370 4078 argumenta
387 3997 596 4080 prosequitur.
628 3996 749 4062 Deinde
767 3994 902 4061 materia
919 3994 1066 4059 instituta
1080 4010 1173 4075 porro
1195 3988 1353 4053 tractatur

181 4107 371 4168 stromatum
394 4106 479 4172 libris
500 4107 615 4190 primo,
647 4107 803 4183 secundo,
835 4106 961 4188 quinto,
992 4106 1089 4169 sexto.
1133 4101 1239 4166 Primo
1269 4097 1353 4162 enim

255 4361 275 4428 ¹)
292 4361 310 4414 l.
329 4361 346 4416 l.
365 4378 426 4431 pag.
447 4361 505 4426 166,
525 4361 583 4417 201.

253 4450 274 4519 “)
292 4449 473 4504 Valckenaer:
492 4449 665 4506 Aristobulus
682 4455 739 4508 Iud.
758 4471 819 4523 pag.
840 4453 880 4506 11.
