3252 5056
809 291 811 300 ’
852 283 894 350 al

283 507 335 590 „²0
358 515 468 591 μέντοι
493 507 659 595 Φαληρεύς
681 508 866 597 Δημήτριος
893 509 944 571 καὶ
973 505 1083 570 Φίλων
1111 502 1129 569 c‘
1159 504 1389 590 πρεσβύτερος
1421 505 1477 567 καὶ

204 655 206 660 ·
282 617 529 699 Εὐπόλεμος
548 615 586 682 ου’
604 615 688 684 πολι)
704 623 761 707 τῆς
776 615 930 705 ἀληθείας
945 612 1132 701 διήμαρτον·
1150 605 1196 688 οἷς
1215 613 1477 699 συγγιγνώσκειν

283 726 381 807 ἄξιον·
400 724 437 793 οὐ
453 725 511 811 γαρ
527 724 602 810 ἐνῆν
618 726 724 802 αὐτοῖς
740 725 822 809 μειοῖ
838 721 944 813 πάσης
960 722 1115 810 ἀκριβείας
1137 735 1222 798 τοῖς
1245 721 1477 811 ἡμετέροις

284 837 449 921 γράμμασι
471 835 764 922 παρακολουθεῖν.“
800 833 891 900 Unde
914 832 1055 915 sequitur
1070 832 1279 915 Eupolemum
1302 851 1335 896 se
1363 831 1476 896 Grae-

285 963 358 1010 cum
380 943 552 1019 simulasse,
581 946 620 1036 ut
641 964 676 1010 ec
701 943 802 1010 tutius
824 941 912 1026 quasi
927 933 1024 1006 'testis
1045 941 1245 1024 incorruptus
1267 941 1476 1007 Iudaeorum

283 1055 402 1120 famam
424 1055 518 1139 longe
540 1056 667 1138 lateque
689 1072 864 1139 propagare
884 1053 1005 1135 posset;
1027 1050 1131 1135 ipsum
1147 1043 1245 1136 igitur
1261 1051 1473 1117 Clementem

283 1183 380 1247 aeque
401 1163 497 1244 atque
519 1165 687 1246 Iosephum
706 1164 850 1228 nostrum
865 1159 1028 1227 falsarium
1045 1161 1189 1244 opinatos
1205 1179 1272 1226 esse
1289 1161 1473 1235 Graecum,

285 1272 501 1340 concludimus
525 1292 562 1338 ex
584 1273 774 1339 stromatum
795 1271 874 1337 libro
901 1271 1019 1354 primo,
1050 1289 1118 1353 cap.
1142 1274 1192 1346 21,
1214 1290 1286 1358 pag.
1309 1274 1391 1345 404,
1416 1269 1474 1334 ubi

283 1385 494 1467 Eupolemum
516 1382 627 1448 laudat
648 1401 713 1448 una
735 1400 806 1447 eum
827 1379 989 1449 Demetrio
1019 1381 1052 1445 et
1072 1379 1203 1445 Philone
1229 1388 1295 1469 „erp
1317 1389 1474 1467 προσβο-

283 1495 394 1582 τέρῳίί.
513 1525 515 1531 .

367 1601 482 1667 Restat
510 1600 598 1666 nobis
629 1602 755 1684 praeter
779 1619 830 1666 eos
852 1619 930 1684 quos
952 1601 1108 1666 hactenus
1130 1599 1336 1666 tractavimus
1360 1600 1470 1683 scrip-

283 1705 378 1777 tores'
397 1711 474 1776 duos
511 1710 588 1776 alios
620 1709 798 1776 accuratius
829 1709 1006 1775 examinare
1030 1749 1069 1757 -
1092 1711 1294 1792 Artapanum
1327 1713 1361 1777 et
1386 1711 1469 1778 Phi-

282 1821 389 1888 lonem
412 1858 462 1897 -,
492 1820 525 1885 in
556 1820 668 1904 quibus
704 1819 910 1885 diiudicandis
946 1818 1103 1885 difficilius
1133 1819 1192 1884 erit
1226 1819 1289 1885 iam
1321 1841 1358 1886 ex
1399 1823 1470 1886 solo

283 1931 410 1997 nomine
429 1949 485 2014 pro
504 1932 589 1996 certo
613 1932 763 2006 statuere,
786 1933 895 1996 utrum
915 1931 1026 1996 fictum
1049 1931 1090 1996 sit
1112 1951 1152 1996 an
1174 1930 1357 2017 genuinum.
1398 1933 1471 1998 Nos

284 2042 409 2126 quidem
424 2039 671 2108 Valckenarium
686 2039 709 2122 ¹)
734 2040 833 2105 secuti
853 2043 930 2106 haec
953 2039 1143 2106 iudicamus:
1167 2042 1331 2117 „Fuerunt
1352 2061 1470 2108 omnes

284 2150 433 2239 religione
455 2149 579 2226 Iudaei,
611 2169 665 2216 seu
688 2150 735 2215 his
758 2150 937 2216 nominibus
958 2151 1041 2217 inter
1063 2153 1231 2234 populares
1252 2152 1374 2218 fuerint
1399 2151 1471 2241 noti

285 2282 340 2328 seu
363 2260 491 2327 nomina
513 2259 670 2326 ment‘ti.“

370 2379 398 2438 5.
422 2374 630 2454 Ανιαοοιιιινι
640 2369 765 2453 quidem
773 2370 917 2437 Clemens
930 2372 1041 2437 laudat
1055 2371 1241 2438 nominatim
1254 2375 1362 2440 strom.
1375 2377 1401 2452 Ι,
1414 2379 1467 2440 23.

283 2502 355 2568 pag.
376 2485 456 2548 413:
480 2481 745 2564 ,,Ἀριάπανος
767 2488 842 2566 γοῦν
864 2481 898 2549 ἓν
919 2489 965 2570 τῷ
986 2487 1064 2571 περὶ
1085 2481 1244 2551 Ἰονδαίοιν
1266 2488 1468 2572 σνγγροὶμασι

284 2595 374 2661 κσλ.“
417 2590 513 2657 Cuius
534 2592 715 2676 fragmenta
738 2592 908 2673 supersunt
931 2592 1015 2673 apud
1036 2591 1206 2659 Eusebium
1218 2594 1260 2676 2);
1282 2596 1333 2659 vel
1354 2615 1395 2660 ex
1418 2593 1466 2660 his

283 2701 391 2787 paucis
408 2699 544 2784 reliquiis
563 2700 785 2787 intellegimus¹
798 2701 830 2764 et
848 2699 951 2782 ipsum
966 2702 1155 2767 ludaeorum
1173 2705 1279 2770 famae
1297 2705 1466 2790 augendae

284 2812 450 2880 studuisse.
494 2811 708 2878 Frcudenthal
726 2811 811 2876 recte
829 2830 867 2875 ex
884 2814 1143 2896 argumentorum
1159 2813 1282 2880 ratione
1299 2814 1417 2882 conicit
1426 2815 1464 2898 ³),

285 2942 358 2988 eum
379 2920 483 2987 nobile
505 2921 663 3003 scriptoris
688 2921 801 2988 Graeci
823 2939 938 2986 uomcn
961 2920 1018 2986 sibi
1040 2921 1224 2989 vindicasse.

370 3037 399 3099 6.
435 3031 541 3112 Atque
578 3030 615 3096 de
650 3032 783 3099 Philone
817 3034 973 3099 historico
1012 3030 1129 3115 aliquid
1159 3033 1238 3100 certi
1270 3035 1464 3099 contendere

286 3162 384 3224 acque
419 3139 544 3206 difficile
578 3141 635 3206 est.
689 3141 846 3223 Quattuor
883 3138 966 3204 enim
1004 3143 1148 3208 auctores
1178 3144 1324 3210 Clemens
1357 3144 1464 3218 affert,

285 3251 339 3336 qui
360 3253 507 3320 Philonis
536 3250 661 3316 nomine
691 3251 853 3316 notantur.
897 3249 1039 3317 Primum
1069 3253 1194 3336 quidem
1218 3256 1383 3322 Philonem
1406 3256 1464 3322 Ιιι-

287 3365 411 3442 daeum,
435 3379 529 3444 quem
549 3365 654 3456 secius
676 3360 802 3443 quidem
824 3364 1010 3428 nominatim
1033 3366 1268 3440 commemorat,
1291 3368 1464 3432 secrantes

287 3491 360 3538 uero
385 3470 510 3537 nomine
534 3489 699 3553 suppresso
722 3469 889 3551 compilat3
910 3470 1020 3536 deiude
1036 3474 1201 3541 Philonem
1219 3477 1462 3560 Ppttupcrcum,

290 3600 383 3665 quem
414 3600 486 3647 cum
507 3579 681 3663 Nourrio⁴l
712 3580 929 3662 conspirantes
955 3583 1084 3665 propter
1106 3584 1289 3668 laudem5),
1324 3604 1403 3666 quae
1437 3581 1464 3648 ei

253 3683 255 3692 '
288 3691 455 3767 tribuitur,
493 3690 627 3758 cundem
665 3709 701 3756 ac
741 3689 907 3756 Philonem
947 3693 1100 3759 Iudaeum
1139 3693 1301 3770 ducimus3
1347 3696 1462 3762 Strom.

362 3940 382 4009 ¹)
400 3941 418 3995 l.
437 3939 455 3994 l.
474 3957 499 4010 p.
520 3938 560 3992 18.

362 4027 382 4096 ²)
401 4028 431 4082 Ρ.
450 4025 481 4081 Ε.
501 4026 547 4082 ΙΧ.
568 4027 608 4082 18.
628 4028 669 4083 23.
688 4027 729 4082 27.

362 4116 382 4186 ³)
400 4117 418 4172 l.
436 4117 454 4171 l.
475 4116 524 4170 143
543 4133 602 4185 sqq.

363 4205 384 4274 ⁴)
402 4204 519 4259 Dissert.
538 4206 571 4259 ΙΙ.
590 4221 651 4274 pag.
671 4203 730 4258 323.

368 4291 388 4359 Β)
409 4291 506 4346 Strom.
527 4293 561 4359 H,
582 4292 613 4346 19
632 4310 693 4364 pag.
711 4292 777 4347 482:
803 4292 865 4354 „ch
887 4307 974 4362 φησιν
992 4294 1006 4342 ὁ
1025 4293 1274 4365 Πυθαγόρειος
1296 4295 1408 4349 Φίλων
1430 4292 1462 4350 ια’

292 4377 463 4440 Μουσὲως
488 4376 706 4452 ἑξηγούμενος,“
