<?xml version="1.0" encoding="UTF-8"?>
<!DOCTYPE html PUBLIC "-//W3C//DTD XHTML 1.0 Transitional//EN"
    "http://www.w3.org/TR/xhtml1/DTD/xhtml1-transitional.dtd">
<html xmlns="http://www.w3.org/1999/xhtml" xml:lang="en" lang="en">
 <head>
  <title>
</title>
<meta http-equiv="Content-Type" content="text/html;charset=utf-8" />
  <meta name='ocr-system' content='tesseract 3.04.00' />
  <meta name='ocr-capabilities' content='ocr_page ocr_carea ocr_par ocr_line ocrx_word'/>
</head>
<body>
  <div class='ocr_page' id='page_1' title='image "./defontibuscleme00schegoog_0076.png"; bbox 0 0 3252 5056; ppageno 0'>
   <div class='ocr_carea' id='block_1_1' title="bbox 166 569 1348 3609">
    <p class='ocr_par' dir='ltr' id='par_1_1' title="bbox 166 569 1344 1204">
     <span class='ocr_line' id='line_1_1' title="bbox 253 569 1342 655; baseline -0.003 -18"><span class='ocrx_word' id='word_1_1' title='bbox 253 574 300 637; x_wconf 84' lang='lat' dir='ltr'><strong>Ac</strong></span> <span class='ocrx_word' id='word_1_2' title='bbox 314 571 451 653; x_wconf 91' lang='lat' dir='ltr'><strong>primum</strong></span> <span class='ocrx_word' id='word_1_3' title='bbox 468 571 593 655; x_wconf 89' lang='lat' dir='ltr'><strong>quidem</strong></span> <span class='ocrx_word' id='word_1_4' title='bbox 610 570 709 637; x_wconf 89' lang='lat' dir='ltr'><strong>eidem</strong></span> <span class='ocrx_word' id='word_1_5' title='bbox 727 569 905 645; x_wconf 90' lang='lat' dir='ltr'><strong>adversarii,</strong></span> <span class='ocrx_word' id='word_1_6' title='bbox 922 591 999 652; x_wconf 94' lang='lat' dir='ltr'><strong>quos</strong></span> <span class='ocrx_word' id='word_1_7' title='bbox 1013 571 1076 637; x_wconf 90' lang='lat' dir='ltr'><strong>iam</strong></span> <span class='ocrx_word' id='word_1_8' title='bbox 1090 574 1164 636; x_wconf 91' lang='lat' dir='ltr'><strong>ante</strong></span> <span class='ocrx_word' id='word_1_9' title='bbox 1180 571 1342 652; x_wconf 82' lang='lat' dir='ltr'><strong>complura</strong></span> 
     </span>
     <span class='ocr_line' id='line_1_2' title="bbox 168 680 1340 748; baseline -0.002 -2"><span class='ocrx_word' id='word_1_10' title='bbox 168 682 293 747; x_wconf 90' lang='lat' dir='ltr'><strong>saecula</strong></span> <span class='ocrx_word' id='word_1_11' title='bbox 316 682 521 747; x_wconf 79' lang='lat' dir='ltr'>Alexandrini</span> <span class='ocrx_word' id='word_1_12' title='bbox 543 682 651 748; x_wconf 88' lang='lat' dir='ltr'><strong>ludaei</strong></span> <span class='ocrx_word' id='word_1_13' title='bbox 680 680 866 746; x_wconf 89' lang='lat' dir='ltr'><strong>doctissimis</strong></span> <span class='ocrx_word' id='word_1_14' title='bbox 894 680 1162 746; x_wconf 69' lang='lat' dir='ltr'><strong>dissertationibus</strong></span> <span class='ocrx_word' id='word_1_15' title='bbox 1191 680 1340 745; x_wconf 90' lang='lat' dir='ltr'><strong>acerrime</strong></span> 
     </span>
     <span class='ocr_line' id='line_1_3' title="bbox 166 790 1342 876; baseline -0.002 -20"><span class='ocrx_word' id='word_1_16' title='bbox 166 796 466 876; x_wconf 89' lang='lat' dir='ltr'><strong>propugnaverant,</strong></span> <span class='ocrx_word' id='word_1_17' title='bbox 494 794 603 875; x_wconf 90' lang='lat' dir='ltr'><strong>postea</strong></span> <span class='ocrx_word' id='word_1_18' title='bbox 630 790 814 858; x_wconf 87' lang='lat' dir='ltr'><strong>Christianis</strong></span> <span class='ocrx_word' id='word_1_19' title='bbox 843 791 1048 866; x_wconf 85' lang='lat' dir='ltr'><strong>exstiterunt,</strong></span> <span class='ocrx_word' id='word_1_20' title='bbox 1079 811 1150 855; x_wconf 90' lang='lat' dir='ltr'><strong>cum</strong></span> <span class='ocrx_word' id='word_1_21' title='bbox 1174 791 1281 855; x_wconf 80' lang='lat' dir='ltr'><strong>Tacito</strong></span> <span class='ocrx_word' id='word_1_22' title='bbox 1310 793 1342 854; x_wconf 92' lang='lat' dir='ltr'><strong>et</strong></span> 
     </span>
     <span class='ocr_line' id='line_1_4' title="bbox 169 892 1343 968; baseline -0.003 0"><span class='ocrx_word' id='word_1_23' title='bbox 169 892 328 968; x_wconf 63' lang='lat' dir='ltr'><strong>Suetonio*</strong></span> <span class='ocrx_word' id='word_1_24' title='bbox 343 902 476 967; x_wconf 90' lang='lat' dir='ltr'><strong>testibus</strong></span> <span class='ocrx_word' id='word_1_25' title='bbox 491 902 660 968; x_wconf 74' lang='lat' dir='ltr'><strong>Christiani</strong></span> <span class='ocrx_word' id='word_1_26' title='bbox 683 904 715 966; x_wconf 93' lang='lat' dir='ltr'><strong>et</strong></span> <span class='ocrx_word' id='word_1_27' title='bbox 729 899 837 968; x_wconf 90' lang='lat' dir='ltr'><strong>Iudaei</strong></span> <span class='ocrx_word' id='word_1_28' title='bbox 852 901 1138 966; x_wconf 87' lang='lat' dir='ltr'><strong>confunderentur:</strong></span> <span class='ocrx_word' id='word_1_29' title='bbox 1160 899 1343 966; x_wconf 87' lang='lat' dir='ltr'><strong>Christianis</strong></span> 
     </span>
     <span class='ocr_line' id='line_1_5' title="bbox 168 1009 1344 1095; baseline -0.003 -19"><span class='ocrx_word' id='word_1_30' title='bbox 168 1011 253 1076; x_wconf 91' lang='lat' dir='ltr'><strong>enirn</strong></span> <span class='ocrx_word' id='word_1_31' title='bbox 277 1032 374 1094; x_wconf 84' lang='lat' dir='ltr'><strong>aeque</strong></span> <span class='ocrx_word' id='word_1_32' title='bbox 398 1014 492 1095; x_wconf 89' lang='lat' dir='ltr'><strong>atque</strong></span> <span class='ocrx_word' id='word_1_33' title='bbox 514 1013 637 1082; x_wconf 78' lang='lat' dir='ltr'><strong>ludaeis</strong></span> <span class='ocrx_word' id='word_1_34' title='bbox 661 1012 824 1094; x_wconf 83' lang='lat' dir='ltr'><strong>opprobrio</strong></span> <span class='ocrx_word' id='word_1_35' title='bbox 844 1011 1026 1076; x_wconf 80' lang='lat' dir='ltr'><strong>vertebatur</strong></span> <span class='ocrx_word' id='word_1_36' title='bbox 1043 1031 1095 1076; x_wconf 90' lang='lat' dir='ltr'><strong>eos</strong></span> <span class='ocrx_word' id='word_1_37' title='bbox 1117 1030 1246 1076; x_wconf 90' lang='lat' dir='ltr'><strong>aureum</strong></span> <span class='ocrx_word' id='word_1_38' title='bbox 1266 1009 1344 1076; x_wconf 84' lang='lat' dir='ltr'><strong>asini</strong></span> 
     </span>
     <span class='ocr_line' id='line_1_6' title="bbox 168 1122 823 1204; baseline -0.002 -19"><span class='ocrx_word' id='word_1_39' title='bbox 168 1124 266 1204; x_wconf 88' lang='lat' dir='ltr'><strong>caput</strong></span> <span class='ocrx_word' id='word_1_40' title='bbox 289 1123 428 1198; x_wconf 84' lang='lat' dir='ltr'><strong>adorare,</strong></span> <span class='ocrx_word' id='word_1_41' title='bbox 451 1123 592 1188; x_wconf 89' lang='lat' dir='ltr'><strong>homines</strong></span> <span class='ocrx_word' id='word_1_42' title='bbox 614 1123 776 1187; x_wconf 90' lang='lat' dir='ltr'><strong>immolare</strong></span> <span class='ocrx_word' id='word_1_43' title='bbox 791 1122 823 1204; x_wconf 79' lang='lat'><strong>¹).</strong></span> 
     </span>
    </p>

    <p class='ocr_par' dir='ltr' id='par_1_2' title="bbox 171 1230 1343 1545">
     <span class='ocr_line' id='line_1_7' title="bbox 253 1230 1343 1318; baseline -0.002 -22"><span class='ocrx_word' id='word_1_44' title='bbox 253 1232 399 1297; x_wconf 80' lang='lat' dir='ltr'><strong>Clemens</strong></span> <span class='ocrx_word' id='word_1_45' title='bbox 429 1232 540 1297; x_wconf 90' lang='lat' dir='ltr'><strong>deinde</strong></span> <span class='ocrx_word' id='word_1_46' title='bbox 571 1232 713 1318; x_wconf 88' lang='lat' dir='ltr'><strong>magistri</strong></span> <span class='ocrx_word' id='word_1_47' title='bbox 742 1232 774 1296; x_wconf 87' lang='lat' dir='ltr'><strong>et</strong></span> <span class='ocrx_word' id='word_1_48' title='bbox 804 1230 973 1296; x_wconf 91' lang='lat' dir='ltr'><strong>sacerdotis</strong></span> <span class='ocrx_word' id='word_1_49' title='bbox 999 1252 1130 1297; x_wconf 89' lang='lat' dir='ltr'><strong>munere</strong></span> <span class='ocrx_word' id='word_1_50' title='bbox 1152 1233 1343 1317; x_wconf 86' lang='lat' dir='ltr'><strong>fungebatur</strong></span> 
     </span>
     <span class='ocr_line' id='line_1_8' title="bbox 171 1340 1343 1427; baseline 0 -23"><span class='ocrx_word' id='word_1_51' title='bbox 171 1341 392 1416; x_wconf 84' lang='lat' dir='ltr'><strong>Alexandriae,</strong></span> <span class='ocrx_word' id='word_1_52' title='bbox 416 1343 499 1406; x_wconf 92' lang='lat' dir='ltr'><strong>unde</strong></span> <span class='ocrx_word' id='word_1_53' title='bbox 524 1361 697 1427; x_wconf 80' lang='lat' dir='ltr'><strong>cognomen</strong></span> <span class='ocrx_word' id='word_1_54' title='bbox 721 1340 953 1406; x_wconf 84' lang='lat' dir='ltr'><strong>Alexandrinus</strong></span> <span class='ocrx_word' id='word_1_55' title='bbox 983 1343 1085 1418; x_wconf 81' lang='lat' dir='ltr'><strong>duxit,</strong></span> <span class='ocrx_word' id='word_1_56' title='bbox 1115 1364 1177 1426; x_wconf 88' lang='lat' dir='ltr'><strong>qua</strong></span> <span class='ocrx_word' id='word_1_57' title='bbox 1206 1343 1236 1407; x_wconf 91' lang='lat' dir='ltr'><strong>in</strong></span> <span class='ocrx_word' id='word_1_58' title='bbox 1268 1343 1343 1406; x_wconf 89' lang='lat' dir='ltr'><strong>urbe</strong></span> 
     </span>
     <span class='ocr_line' id='line_1_9' title="bbox 171 1449 1146 1545; baseline 0.002 -31"><span class='ocrx_word' id='word_1_59' title='bbox 171 1449 323 1545; x_wconf 87' lang='lat' dir='ltr'><strong>eiusmodi</strong></span> <span class='ocrx_word' id='word_1_60' title='bbox 345 1451 449 1515; x_wconf 88' lang='lat' dir='ltr'><strong>studia</strong></span> <span class='ocrx_word' id='word_1_61' title='bbox 471 1471 489 1515; x_wconf 90' lang='lat' dir='ltr'><strong>a</strong></span> <span class='ocrx_word' id='word_1_62' title='bbox 513 1451 611 1516; x_wconf 89' lang='lat' dir='ltr'><strong>doctis</strong></span> <span class='ocrx_word' id='word_1_63' title='bbox 634 1451 757 1516; x_wconf 88' lang='lat' dir='ltr'><strong>Iudaeis</strong></span> <span class='ocrx_word' id='word_1_64' title='bbox 779 1451 891 1534; x_wconf 90' lang='lat' dir='ltr'><strong>oppido</strong></span> <span class='ocrx_word' id='word_1_65' title='bbox 914 1453 1146 1518; x_wconf 80' lang='lat' dir='ltr'><strong>tractabantur.</strong></span> 
     </span>
    </p>

    <p class='ocr_par' dir='ltr' id='par_1_3' title="bbox 168 1545 1346 2506">
     <span class='ocr_line' id='line_1_10' title="bbox 254 1545 1345 1644; baseline -0.001 -20"><span class='ocrx_word' id='word_1_66' title='bbox 254 1559 370 1624; x_wconf 89' lang='lat' dir='ltr'><strong>Mirum</strong></span> <span class='ocrx_word' id='word_1_67' title='bbox 391 1561 472 1625; x_wconf 90' lang='lat' dir='ltr'><strong>enim</strong></span> <span class='ocrx_word' id='word_1_68' title='bbox 492 1563 550 1637; x_wconf 91' lang='lat' dir='ltr'><strong>est,</strong></span> <span class='ocrx_word' id='word_1_69' title='bbox 566 1545 637 1627; x_wconf 87' lang='lat' dir='ltr'><strong>cum</strong></span> <span class='ocrx_word' id='word_1_70' title='bbox 653 1563 778 1643; x_wconf 90' lang='lat' dir='ltr'><strong>praeter</strong></span> <span class='ocrx_word' id='word_1_71' title='bbox 794 1561 824 1626; x_wconf 82' lang='lat' dir='ltr'><strong>S.</strong></span> <span class='ocrx_word' id='word_1_72' title='bbox 839 1562 974 1626; x_wconf 89' lang='lat' dir='ltr'><strong>Paulum</strong></span> <span class='ocrx_word' id='word_1_73' title='bbox 990 1546 1177 1644; x_wconf 92' lang='lat' dir='ltr'><strong>apostolum,</strong></span> <span class='ocrx_word' id='word_1_74' title='bbox 1200 1563 1252 1644; x_wconf 94' lang='lat' dir='ltr'><strong>qui</strong></span> <span class='ocrx_word' id='word_1_75' title='bbox 1269 1560 1345 1626; x_wconf 91' lang='lat' dir='ltr'><strong>talia</strong></span> 
     </span>
     <span class='ocr_line' id='line_1_11' title="bbox 169 1668 1345 1754; baseline 0.003 -23"><span class='ocrx_word' id='word_1_76' title='bbox 169 1668 311 1752; x_wconf 85' lang='lat' dir='ltr'><strong>epistulis</strong></span> <span class='ocrx_word' id='word_1_77' title='bbox 324 1670 387 1734; x_wconf 90' lang='lat' dir='ltr'><strong>suis</strong></span> <span class='ocrx_word' id='word_1_78' title='bbox 398 1670 558 1736; x_wconf 87' lang='lat' dir='ltr'><strong>interdum</strong></span> <span class='ocrx_word' id='word_1_79' title='bbox 569 1671 806 1754; x_wconf 70' lang='lat' dir='ltr'><strong>immiscebat2),</strong></span> <span class='ocrx_word' id='word_1_80' title='bbox 820 1673 852 1736; x_wconf 90' lang='lat' dir='ltr'><strong>st</strong></span> <span class='ocrx_word' id='word_1_81' title='bbox 866 1672 942 1736; x_wconf 91' lang='lat' dir='ltr'><strong>duos</strong></span> <span class='ocrx_word' id='word_1_82' title='bbox 956 1675 1058 1738; x_wconf 89' lang='lat' dir='ltr'><strong>tresve</strong></span> <span class='ocrx_word' id='word_1_83' title='bbox 1073 1673 1149 1738; x_wconf 88' lang='lat' dir='ltr'><strong>alios</strong></span> <span class='ocrx_word' id='word_1_84' title='bbox 1162 1691 1239 1754; x_wconf 92' lang='lat' dir='ltr'><strong>quos</strong></span> <span class='ocrx_word' id='word_1_85' title='bbox 1251 1690 1345 1752; x_wconf 87' lang='lat' dir='ltr'><strong>supra</strong></span> 
     </span>
     <span class='ocr_line' id='line_1_12' title="bbox 170 1767 1345 1867; baseline 0 -25"><span class='ocrx_word' id='word_1_86' title='bbox 170 1780 434 1856; x_wconf 86' lang='lat' dir='ltr'><strong>enumeravimus,</strong></span> <span class='ocrx_word' id='word_1_87' title='bbox 456 1767 622 1862; x_wconf 79' lang='lat' dir='ltr'><strong>scriptores</strong></span> <span class='ocrx_word' id='word_1_88' title='bbox 638 1781 801 1847; x_wconf 80' lang='lat' dir='ltr'><strong>Clemente</strong></span> <span class='ocrx_word' id='word_1_89' title='bbox 817 1781 935 1864; x_wconf 88' lang='lat' dir='ltr'><strong>priores</strong></span> <span class='ocrx_word' id='word_1_90' title='bbox 951 1801 1027 1864; x_wconf 94' lang='lat' dir='ltr'><strong>quos</strong></span> <span class='ocrx_word' id='word_1_91' title='bbox 1045 1784 1140 1867; x_wconf 89' lang='lat' dir='ltr'><strong>vulgo</strong></span> <span class='ocrx_word' id='word_1_92' title='bbox 1163 1781 1345 1865; x_wconf 89' lang='lat' dir='ltr'><strong>apologetas</strong></span> 
     </span>
     <span class='ocr_line' id='line_1_13' title="bbox 168 1890 1344 1973; baseline 0 -21"><span class='ocrx_word' id='word_1_93' title='bbox 168 1907 317 1953; x_wconf 87' lang='lat' dir='ltr'><strong>vocamus</strong></span> <span class='ocrx_word' id='word_1_94' title='bbox 339 1890 506 1973; x_wconf 85' lang='lat' dir='ltr'><strong>gentilium</strong></span> <span class='ocrx_word' id='word_1_95' title='bbox 529 1910 648 1956; x_wconf 89' lang='lat' dir='ltr'><strong>errores</strong></span> <span class='ocrx_word' id='word_1_96' title='bbox 671 1911 709 1956; x_wconf 84' lang='lat' dir='ltr'><strong>er</strong></span> <span class='ocrx_word' id='word_1_97' title='bbox 731 1891 889 1972; x_wconf 82' lang='lat' dir='ltr'><strong>corruptis</strong></span> <span class='ocrx_word' id='word_1_98' title='bbox 912 1892 1049 1956; x_wconf 91' lang='lat' dir='ltr'><strong>moribus</strong></span> <span class='ocrx_word' id='word_1_99' title='bbox 1072 1895 1104 1956; x_wconf 92' lang='lat' dir='ltr'><strong>et</strong></span> <span class='ocrx_word' id='word_1_100' title='bbox 1119 1892 1199 1956; x_wconf 82' lang='lat' dir='ltr'><strong>falsa</strong></span> <span class='ocrx_word' id='word_1_101' title='bbox 1216 1891 1344 1954; x_wconf 91' lang='lat' dir='ltr'><strong>deorum</strong></span> 
     </span>
     <span class='ocr_line' id='line_1_14' title="bbox 168 1998 1346 2085; baseline 0.002 -22"><span class='ocrx_word' id='word_1_102' title='bbox 168 1998 313 2080; x_wconf 88' lang='lat' dir='ltr'><strong>opinione</strong></span> <span class='ocrx_word' id='word_1_103' title='bbox 330 2000 528 2085; x_wconf 84' lang='lat' dir='ltr'><strong>impugnent,</strong></span> <span class='ocrx_word' id='word_1_104' title='bbox 550 2000 747 2066; x_wconf 87' lang='lat' dir='ltr'><strong>Clementem</strong></span> <span class='ocrx_word' id='word_1_105' title='bbox 770 2001 904 2082; x_wconf 90' lang='lat' dir='ltr'><strong>primum</strong></span> <span class='ocrx_word' id='word_1_106' title='bbox 920 2001 951 2064; x_wconf 91' lang='lat' dir='ltr'><strong>iu</strong></span> <span class='ocrx_word' id='word_1_107' title='bbox 975 2001 1045 2066; x_wconf 90' lang='lat' dir='ltr'><strong>illos</strong></span> <span class='ocrx_word' id='word_1_108' title='bbox 1067 2002 1204 2066; x_wconf 86' lang='lat' dir='ltr'><strong>famosos</strong></span> <span class='ocrx_word' id='word_1_109' title='bbox 1224 2000 1346 2065; x_wconf 91' lang='lat' dir='ltr'><strong>libellos</strong></span> 
     </span>
     <span class='ocr_line' id='line_1_15' title="bbox 169 2091 1346 2193; baseline 0 -19"><span class='ocrx_word' id='word_1_110' title='bbox 169 2129 188 2174; x_wconf 92' lang='lat' dir='ltr'><strong>a</strong></span> <span class='ocrx_word' id='word_1_111' title='bbox 213 2109 338 2173; x_wconf 86' lang='lat' dir='ltr'><strong>Iudaeis</strong></span> <span class='ocrx_word' id='word_1_112' title='bbox 361 2109 463 2174; x_wconf 87' lang='lat' dir='ltr'><strong>nobile</strong></span> <span class='ocrx_word' id='word_1_113' title='bbox 487 2117 599 2175; x_wconf 88' lang='lat' dir='ltr'><strong>nomen</strong></span> <span class='ocrx_word' id='word_1_114' title='bbox 626 2091 768 2175; x_wconf 84' lang='lat' dir='ltr'><strong>mentitis</strong></span> <span class='ocrx_word' id='word_1_115' title='bbox 791 2112 985 2193; x_wconf 90' lang='lat' dir='ltr'><strong>conscriptos</strong></span> <span class='ocrx_word' id='word_1_116' title='bbox 1006 2111 1166 2176; x_wconf 86' lang='lat' dir='ltr'><strong>incidisse:</strong></span> <span class='ocrx_word' id='word_1_117' title='bbox 1189 2111 1236 2175; x_wconf 91' lang='lat' dir='ltr'><strong>his</strong></span> <span class='ocrx_word' id='word_1_118' title='bbox 1252 2110 1346 2174; x_wconf 87' lang='lat' dir='ltr'><strong>armis</strong></span> 
     </span>
     <span class='ocr_line' id='line_1_16' title="bbox 172 2218 1345 2304; baseline 0.002 -22"><span class='ocrx_word' id='word_1_119' title='bbox 172 2218 260 2300; x_wconf 87' lang='lat' dir='ltr'><strong>quasi</strong></span> <span class='ocrx_word' id='word_1_120' title='bbox 292 2220 442 2304; x_wconf 76' lang='lat' dir='ltr'><strong>aerugine</strong></span> <span class='ocrx_word' id='word_1_121' title='bbox 471 2221 633 2286; x_wconf 89' lang='lat' dir='ltr'><strong>mundatis</strong></span> <span class='ocrx_word' id='word_1_122' title='bbox 655 2222 848 2288; x_wconf 88' lang='lat' dir='ltr'><strong>adversarios</strong></span> <span class='ocrx_word' id='word_1_123' title='bbox 871 2221 1083 2304; x_wconf 90' lang='lat' dir='ltr'><strong>philosophiae</strong></span> <span class='ocrx_word' id='word_1_124' title='bbox 1105 2221 1345 2302; x_wconf 85' lang='lat' dir='ltr'><strong>litterarumque</strong></span> 
     </span>
     <span class='ocr_line' id='line_1_17' title="bbox 169 2329 1345 2417; baseline 0.002 -25"><span class='ocrx_word' id='word_1_125' title='bbox 169 2329 304 2404; x_wconf 86' lang='lat' dir='ltr'><strong>ratione,</strong></span> <span class='ocrx_word' id='word_1_126' title='bbox 327 2329 437 2412; x_wconf 92' lang='lat' dir='ltr'><strong>quibus</strong></span> <span class='ocrx_word' id='word_1_127' title='bbox 458 2331 505 2395; x_wconf 92' lang='lat' dir='ltr'><strong>illi</strong></span> <span class='ocrx_word' id='word_1_128' title='bbox 527 2332 616 2397; x_wconf 87' lang='lat' dir='ltr'><strong>valde</strong></span> <span class='ocrx_word' id='word_1_129' title='bbox 640 2332 850 2408; x_wconf 85' lang='lat' dir='ltr'><strong>iactabautur,</strong></span> <span class='ocrx_word' id='word_1_130' title='bbox 873 2334 1061 2417; x_wconf 84' lang='lat' dir='ltr'><strong>redarguere</strong></span> <span class='ocrx_word' id='word_1_131' title='bbox 1085 2334 1180 2414; x_wconf 89' lang='lat' dir='ltr'><strong>atque</strong></span> <span class='ocrx_word' id='word_1_132' title='bbox 1203 2331 1345 2395; x_wconf 80' lang='lat' dir='ltr'><strong>refellere</strong></span> 
     </span>
     <span class='ocr_line' id='line_1_18' title="bbox 170 2439 1005 2506; baseline 0.004 -3"><span class='ocrx_word' id='word_1_133' title='bbox 170 2439 259 2504; x_wconf 88' lang='lat' dir='ltr'><strong>enixe</strong></span> <span class='ocrx_word' id='word_1_134' title='bbox 282 2439 397 2505; x_wconf 87' lang='lat' dir='ltr'><strong>studet.</strong></span> <span class='ocrx_word' id='word_1_135' title='bbox 998 2499 1005 2506; x_wconf 88' lang='lat'><strong>.</strong></span> 
     </span>
    </p>

    <p class='ocr_par' dir='ltr' id='par_1_4' title="bbox 170 2551 1348 3518">
     <span class='ocr_line' id='line_1_19' title="bbox 259 2551 1345 2624; baseline -0.004 -8"><span class='ocrx_word' id='word_1_136' title='bbox 259 2553 428 2616; x_wconf 87' lang='lat' dir='ltr'><strong>Praeterea</strong></span> <span class='ocrx_word' id='word_1_137' title='bbox 462 2551 591 2617; x_wconf 86' lang='lat' dir='ltr'><strong>historia</strong></span> <span class='ocrx_word' id='word_1_138' title='bbox 627 2551 711 2615; x_wconf 87' lang='lat' dir='ltr'><strong>illins</strong></span> <span class='ocrx_word' id='word_1_139' title='bbox 745 2551 858 2616; x_wconf 88' lang='lat' dir='ltr'><strong>aetatis</strong></span> <span class='ocrx_word' id='word_1_140' title='bbox 891 2551 1044 2616; x_wconf 90' lang='lat' dir='ltr'><strong>litteraria</strong></span> <span class='ocrx_word' id='word_1_141' title='bbox 1082 2552 1244 2624; x_wconf 89' lang='lat' dir='ltr'><strong>docemur,</strong></span> <span class='ocrx_word' id='word_1_142' title='bbox 1276 2551 1345 2613; x_wconf 90' lang='lat' dir='ltr'><strong>tum</strong></span> 
     </span>
     <span class='ocr_line' id='line_1_20' title="bbox 170 2660 1346 2747; baseline -0.002 -23"><span class='ocrx_word' id='word_1_143' title='bbox 170 2660 273 2742; x_wconf 88' lang='lat' dir='ltr'><strong>ipsum</strong></span> <span class='ocrx_word' id='word_1_144' title='bbox 298 2660 505 2747; x_wconf 83' lang='lat' dir='ltr'><strong>„omnigenae</strong></span> <span class='ocrx_word' id='word_1_145' title='bbox 535 2661 738 2726; x_wconf 71' lang='lat' dir='ltr'><strong>eruditionis*</strong></span> <span class='ocrx_word' id='word_1_146' title='bbox 763 2661 930 2742; x_wconf 90' lang='lat' dir='ltr'><strong>scriptores</strong></span> <span class='ocrx_word' id='word_1_147' title='bbox 960 2661 999 2724; x_wconf 87' lang='lat' dir='ltr'><strong>ad</strong></span> <span class='ocrx_word' id='word_1_148' title='bbox 1029 2661 1201 2725; x_wconf 88' lang='lat' dir='ltr'><strong>sententias</strong></span> <span class='ocrx_word' id='word_1_149' title='bbox 1231 2660 1346 2723; x_wconf 87' lang='lat' dir='ltr'><strong>coufir-</strong></span> 
     </span>
     <span class='ocr_line' id='line_1_21' title="bbox 170 2769 1345 2857; baseline -0.003 -23"><span class='ocrx_word' id='word_1_150' title='bbox 170 2770 305 2836; x_wconf 92' lang='lat' dir='ltr'><strong>mandas</strong></span> <span class='ocrx_word' id='word_1_151' title='bbox 332 2773 461 2857; x_wconf 86' lang='lat' dir='ltr'><strong>longam</strong></span> <span class='ocrx_word' id='word_1_152' title='bbox 491 2773 656 2835; x_wconf 81' lang='lat' dir='ltr'><strong>avrctorum</strong></span> <span class='ocrx_word' id='word_1_153' title='bbox 687 2770 797 2836; x_wconf 85' lang='lat' dir='ltr'><strong>seriem</strong></span> <span class='ocrx_word' id='word_1_154' title='bbox 828 2789 904 2852; x_wconf 92' lang='lat' dir='ltr'><strong>quos</strong></span> <span class='ocrx_word' id='word_1_155' title='bbox 934 2769 1199 2850; x_wconf 85' lang='lat' dir='ltr'><strong>ueinspererunt</strong></span> <span class='ocrx_word' id='word_1_156' title='bbox 1220 2769 1345 2852; x_wconf 88' lang='lat' dir='ltr'><strong>quidem</strong></span> 
     </span>
     <span class='ocr_line' id='line_1_22' title="bbox 175 2880 1346 2962; baseline -0.002 -18"><span class='ocrx_word' id='word_1_157' title='bbox 175 2881 313 2958; x_wconf 88' lang='lat' dir='ltr'><strong>laudare,</strong></span> <span class='ocrx_word' id='word_1_158' title='bbox 338 2883 442 2947; x_wconf 89' lang='lat' dir='ltr'><strong>fontes</strong></span> <span class='ocrx_word' id='word_1_159' title='bbox 465 2900 538 2947; x_wconf 93' lang='lat' dir='ltr'><strong>vero</strong></span> <span class='ocrx_word' id='word_1_160' title='bbox 558 2883 641 2946; x_wconf 93' lang='lat' dir='ltr'><strong>unde</strong></span> <span class='ocrx_word' id='word_1_161' title='bbox 658 2883 833 2946; x_wconf 90' lang='lat' dir='ltr'><strong>hauserunt</strong></span> <span class='ocrx_word' id='word_1_162' title='bbox 850 2881 981 2945; x_wconf 87' lang='lat' dir='ltr'><strong>reticere</strong></span> <span class='ocrx_word' id='word_1_163' title='bbox 995 2880 1200 2945; x_wconf 88' lang='lat' dir='ltr'><strong>consuevisse.</strong></span> <span class='ocrx_word' id='word_1_164' title='bbox 1235 2880 1346 2962; x_wconf 87' lang='lat' dir='ltr'><strong>Neque</strong></span> 
     </span>
     <span class='ocr_line' id='line_1_23' title="bbox 174 2990 1346 3074; baseline -0.003 -19"><span class='ocrx_word' id='word_1_165' title='bbox 174 2990 329 3055; x_wconf 89' lang='lat' dir='ltr'><strong>Clementi</strong></span> <span class='ocrx_word' id='word_1_166' title='bbox 367 2992 492 3074; x_wconf 91' lang='lat' dir='ltr'><strong>quidem</strong></span> <span class='ocrx_word' id='word_1_167' title='bbox 530 2993 612 3058; x_wconf 89' lang='lat' dir='ltr'><strong>hanc</strong></span> <span class='ocrx_word' id='word_1_168' title='bbox 645 2990 800 3055; x_wconf 88' lang='lat' dir='ltr'><strong>scribendi</strong></span> <span class='ocrx_word' id='word_1_169' title='bbox 839 2993 933 3072; x_wconf 88' lang='lat' dir='ltr'><strong>atque</strong></span> <span class='ocrx_word' id='word_1_170' title='bbox 972 2990 1160 3071; x_wconf 89' lang='lat' dir='ltr'><strong>compilandi</strong></span> <span class='ocrx_word' id='word_1_171' title='bbox 1191 2990 1346 3054; x_wconf 89' lang='lat' dir='ltr'><strong>rationem</strong></span> 
     </span>
     <span class='ocr_line' id='line_1_24' title="bbox 173 3099 1348 3184; baseline -0.003 -19"><span class='ocrx_word' id='word_1_172' title='bbox 173 3101 212 3165; x_wconf 92' lang='lat' dir='ltr'><strong>ab</strong></span> <span class='ocrx_word' id='word_1_173' title='bbox 234 3102 418 3168; x_wconf 89' lang='lat' dir='ltr'><strong>adversariis</strong></span> <span class='ocrx_word' id='word_1_174' title='bbox 441 3101 561 3167; x_wconf 87' lang='lat' dir='ltr'><strong>crimini</strong></span> <span class='ocrx_word' id='word_1_175' title='bbox 584 3121 650 3166; x_wconf 87' lang='lat' dir='ltr'><strong>esse</strong></span> <span class='ocrx_word' id='word_1_176' title='bbox 670 3102 788 3176; x_wconf 85' lang='lat' dir='ltr'><strong>datam,</strong></span> <span class='ocrx_word' id='word_1_177' title='bbox 809 3100 882 3165; x_wconf 91' lang='lat' dir='ltr'><strong>inde</strong></span> <span class='ocrx_word' id='word_1_178' title='bbox 905 3099 1051 3184; x_wconf 88' lang='lat' dir='ltr'><strong>colligere</strong></span> <span class='ocrx_word' id='word_1_179' title='bbox 1065 3119 1242 3182; x_wconf 89' lang='lat' dir='ltr'><strong>possumus,</strong></span> <span class='ocrx_word' id='word_1_180' title='bbox 1265 3099 1348 3182; x_wconf 91' lang='lat' dir='ltr'><strong>quod</strong></span> 
     </span>
     <span class='ocr_line' id='line_1_25' title="bbox 175 3209 1347 3295; baseline -0.003 -20"><span class='ocrx_word' id='word_1_181' title='bbox 175 3211 328 3276; x_wconf 81' lang='lat' dir='ltr'><strong>Eusebius</strong></span> <span class='ocrx_word' id='word_1_182' title='bbox 369 3212 605 3294; x_wconf 90' lang='lat' dir='ltr'><strong>Praeparationi</strong></span> <span class='ocrx_word' id='word_1_183' title='bbox 646 3211 845 3295; x_wconf 90' lang='lat' dir='ltr'><strong>evangelicae</strong></span> <span class='ocrx_word' id='word_1_184' title='bbox 881 3209 1014 3274; x_wconf 86' lang='lat' dir='ltr'><strong>¹summis</strong></span> <span class='ocrx_word' id='word_1_185' title='bbox 1050 3209 1205 3275; x_wconf 90' lang='lat' dir='ltr'><strong>Clementi</strong></span> <span class='ocrx_word' id='word_1_186' title='bbox 1241 3212 1347 3273; x_wconf 91' lang='lat' dir='ltr'><strong>nostro</strong></span> 
     </span>
     <span class='ocr_line' id='line_1_26' title="bbox 174 3319 1348 3402; baseline -0.001 -18"><span class='ocrx_word' id='word_1_187' title='bbox 174 3321 320 3386; x_wconf 89' lang='lat' dir='ltr'><strong>laudibus</strong></span> <span class='ocrx_word' id='word_1_188' title='bbox 359 3323 484 3387; x_wconf 87' lang='lat' dir='ltr'><strong>tributis</strong></span> <span class='ocrx_word' id='word_1_189' title='bbox 526 3321 595 3386; x_wconf 91' lang='lat' dir='ltr'><strong>illos</strong></span> <span class='ocrx_word' id='word_1_190' title='bbox 638 3320 758 3402; x_wconf 91' lang='lat' dir='ltr'><strong>spurios</strong></span> <span class='ocrx_word' id='word_1_191' title='bbox 795 3323 852 3385; x_wconf 88' lang='lat' dir='ltr'><strong>aut</strong></span> <span class='ocrx_word' id='word_1_192' title='bbox 889 3321 979 3397; x_wconf 81' lang='lat' dir='ltr'><strong>fictos</strong></span> <span class='ocrx_word' id='word_1_193' title='bbox 1015 3321 1100 3385; x_wconf 90' lang='lat' dir='ltr'><strong>locos</strong></span> <span class='ocrx_word' id='word_1_194' title='bbox 1136 3319 1348 3384; x_wconf 90' lang='lat' dir='ltr'><strong>Clementinos</strong></span> 
     </span>
     <span class='ocr_line' id='line_1_27' title="bbox 171 3430 940 3518; baseline 0.003 -25"><span class='ocrx_word' id='word_1_195' title='bbox 171 3430 351 3517; x_wconf 41' lang='lat' dir='ltr'><strong>mfflffib</strong></span> <span class='ocrx_word' id='word_1_196' title='bbox 930 3499 940 3518; x_wconf 34' lang='grc' dir='ltr'>ι</span> 
     </span>
    </p>

    <p class='ocr_par' dir='ltr' id='par_1_5' title="bbox 261 3539 1347 3609">
     <span class='ocr_line' id='line_1_28' title="bbox 261 3539 1347 3609; baseline -0.006 -1"><span class='ocrx_word' id='word_1_197' title='bbox 261 3543 383 3608; x_wconf 90' lang='lat' dir='ltr'><strong>Deinde</strong></span> <span class='ocrx_word' id='word_1_198' title='bbox 407 3547 527 3609; x_wconf 89' lang='lat' dir='ltr'><strong>veteres</strong></span> <span class='ocrx_word' id='word_1_199' title='bbox 549 3543 631 3608; x_wconf 90' lang='lat' dir='ltr'><strong>inter</strong></span> <span class='ocrx_word' id='word_1_200' title='bbox 655 3541 792 3608; x_wconf 85' lang='lat' dir='ltr'><strong>Graecos</strong></span> <span class='ocrx_word' id='word_1_201' title='bbox 815 3543 847 3605; x_wconf 90' lang='lat' dir='ltr'><strong>et</strong></span> <span class='ocrx_word' id='word_1_202' title='bbox 871 3541 1001 3605; x_wconf 89' lang='lat' dir='ltr'><strong>ludaeos</strong></span> <span class='ocrx_word' id='word_1_203' title='bbox 1027 3539 1207 3605; x_wconf 88' lang='lat' dir='ltr'><strong>inimicitiae</strong></span> <span class='ocrx_word' id='word_1_204' title='bbox 1236 3539 1347 3603; x_wconf 92' lang='lat' dir='ltr'><strong>ultimo</strong></span> 
     </span>
    </p>
   </div>
   <div class='ocr_carea' id='block_1_2' title="bbox 173 3816 1349 4505">
    <p class='ocr_par' dir='ltr' id='par_1_6' title="bbox 173 3816 1349 4154">
     <span class='ocr_line' id='line_1_29' title="bbox 249 3816 1348 3898; baseline -0.01 -19"><span class='ocrx_word' id='word_1_205' title='bbox 249 3826 267 3894; x_wconf 83' lang='grc'><strong>1)</strong></span> <span class='ocrx_word' id='word_1_206' title='bbox 293 3828 425 3898; x_wconf 89' lang='lat' dir='ltr'><strong>Iosephus</strong></span> <span class='ocrx_word' id='word_1_207' title='bbox 454 3846 475 3881; x_wconf 90' lang='lat' dir='ltr'><strong>c.</strong></span> <span class='ocrx_word' id='word_1_208' title='bbox 501 3826 596 3895; x_wconf 89' lang='lat' dir='ltr'><strong>Apion.</strong></span> <span class='ocrx_word' id='word_1_209' title='bbox 621 3827 662 3892; x_wconf 88' lang='lat'><strong>11,</strong></span> <span class='ocrx_word' id='word_1_210' title='bbox 688 3826 717 3890; x_wconf 81' lang='lat'><strong>7;</strong></span> <span class='ocrx_word' id='word_1_211' title='bbox 746 3825 816 3879; x_wconf 89' lang='lat' dir='ltr'><strong>Plut.</strong></span> <span class='ocrx_word' id='word_1_212' title='bbox 843 3843 929 3895; x_wconf 88' lang='lat' dir='ltr'><strong>symp.</strong></span> <span class='ocrx_word' id='word_1_213' title='bbox 954 3826 1006 3890; x_wconf 87' lang='lat' dir='ltr'><strong>IV,</strong></span> <span class='ocrx_word' id='word_1_214' title='bbox 1031 3825 1055 3878; x_wconf 80' lang='lat'><strong>5.</strong></span> <span class='ocrx_word' id='word_1_215' title='bbox 1092 3823 1154 3876; x_wconf 88' lang='lat' dir='ltr'><strong>Tac.</strong></span> <span class='ocrx_word' id='word_1_216' title='bbox 1178 3819 1241 3872; x_wconf 88' lang='lat' dir='ltr'><strong>hist.</strong></span> <span class='ocrx_word' id='word_1_217' title='bbox 1266 3817 1299 3881; x_wconf 88' lang='lat' dir='ltr'><strong>V,</strong></span> <span class='ocrx_word' id='word_1_218' title='bbox 1323 3816 1348 3868; x_wconf 84' lang='lat'><strong>4.</strong></span> 
     </span>
     <span class='ocr_line' id='line_1_30' title="bbox 173 3899 1347 3985; baseline -0.014 -17"><span class='ocrx_word' id='word_1_219' title='bbox 173 3914 345 3968; x_wconf 81' lang='lat' dir='ltr'><strong>Damocritus</strong></span> <span class='ocrx_word' id='word_1_220' title='bbox 364 3916 434 3985; x_wconf 88' lang='lat' dir='ltr'><strong>apud</strong></span> <span class='ocrx_word' id='word_1_221' title='bbox 453 3915 562 3968; x_wconf 80' lang='lat' dir='ltr'><strong>Suidam</strong></span> <span class='ocrx_word' id='word_1_222' title='bbox 581 3931 602 3968; x_wconf 84' lang='lat' dir='ltr'><strong>s.</strong></span> <span class='ocrx_word' id='word_1_223' title='bbox 622 3933 647 3967; x_wconf 88' lang='lat' dir='ltr'><strong>v.</strong></span> <span class='ocrx_word' id='word_1_224' title='bbox 685 3912 856 3980; x_wconf 81' lang='grc' dir='ltr'><em>Δαμόκριτος</em></span> <span class='ocrx_word' id='word_1_225' title='bbox 875 3910 940 3978; x_wconf 78' lang='grc' dir='ltr'><strong>περὶ</strong></span> <span class='ocrx_word' id='word_1_226' title='bbox 958 3909 1100 3961; x_wconf 72' lang='grc' dir='ltr'><strong>Ἰουδαίων</strong></span> <span class='ocrx_word' id='word_1_227' title='bbox 1114 3927 1120 3940; x_wconf 91' lang='grc'><em>·</em></span> <span class='ocrx_word' id='word_1_228' title='bbox 1135 3903 1191 3970; x_wconf 82' lang='grc' dir='ltr'><em>,,ε’ν</em></span> <span class='ocrx_word' id='word_1_229' title='bbox 1210 3899 1230 3976; x_wconf 76' lang='grc' dir='ltr'><em>ᾧ</em></span> <span class='ocrx_word' id='word_1_230' title='bbox 1252 3920 1347 3970; x_wconf 84' lang='grc' dir='ltr'><strong><em>φησιν,</em></strong></span> 
     </span>
     <span class='ocr_line' id='line_1_31' title="bbox 174 3993 1349 4070; baseline -0.003 -20"><span class='ocrx_word' id='word_1_231' title='bbox 174 4001 216 4053; x_wconf 77' lang='grc' dir='ltr'><strong>ὅτι</strong></span> <span class='ocrx_word' id='word_1_232' title='bbox 236 4005 345 4070; x_wconf 75' lang='grc' dir='ltr'><em>χρυσῆν</em></span> <span class='ocrx_word' id='word_1_233' title='bbox 367 4001 432 4052; x_wconf 80' lang='grc' dir='ltr'><em>ὄνου</em></span> <span class='ocrx_word' id='word_1_234' title='bbox 450 3998 576 4067; x_wconf 76' lang='grc' dir='ltr'><em>κεφαλήν</em></span> <span class='ocrx_word' id='word_1_235' title='bbox 595 3998 786 4068; x_wconf 73' lang='grc' dir='ltr'><em>προςεκίνουν</em></span> <span class='ocrx_word' id='word_1_236' title='bbox 804 3997 850 4050; x_wconf 84' lang='grc' dir='ltr'><strong>καὶ</strong></span> <span class='ocrx_word' id='word_1_237' title='bbox 873 3997 942 4049; x_wconf 79' lang='grc' dir='ltr'><em>κατα</em></span> <span class='ocrx_word' id='word_1_238' title='bbox 961 3996 1107 4048; x_wconf 76' lang='grc' dir='ltr'><em>ἑπταετίαν</em></span> <span class='ocrx_word' id='word_1_239' title='bbox 1128 3993 1209 4063; x_wconf 78' lang='grc' dir='ltr'><em>ξένον</em></span> <span class='ocrx_word' id='word_1_240' title='bbox 1227 4007 1297 4058; x_wconf 76' lang='grc' dir='ltr'><strong>προς</strong></span> <span class='ocrx_word' id='word_1_241' title='bbox 1315 4022 1349 4030; x_wconf 95' lang='grc'>-</span> 
     </span>
     <span class='ocr_line' id='line_1_32' title="bbox 175 4083 1236 4154; baseline -0.008 -14"><span class='ocrx_word' id='word_1_242' title='bbox 175 4086 283 4154; x_wconf 80' lang='grc' dir='ltr'><em>έῳερον</em></span> <span class='ocrx_word' id='word_1_243' title='bbox 301 4087 348 4138; x_wconf 81' lang='grc' dir='ltr'><strong>καὶ</strong></span> <span class='ocrx_word' id='word_1_244' title='bbox 366 4086 434 4138; x_wconf 77' lang='grc' dir='ltr'><em>κατα</em></span> <span class='ocrx_word' id='word_1_245' title='bbox 453 4085 539 4139; x_wconf 69' lang='grc' dir='ltr'><em>λεπτά</em></span> <span class='ocrx_word' id='word_1_246' title='bbox 557 4085 605 4142; x_wconf 78' lang='grc' dir='ltr'><strong>αἱς</strong></span> <span class='ocrx_word' id='word_1_247' title='bbox 624 4086 732 4154; x_wconf 79' lang='grc' dir='ltr'><em>σάρκας</em></span> <span class='ocrx_word' id='word_1_248' title='bbox 751 4084 892 4154; x_wconf 72' lang='grc' dir='ltr'><em>διέξαινον</em></span> <span class='ocrx_word' id='word_1_249' title='bbox 911 4083 956 4135; x_wconf 83' lang='grc' dir='ltr'><strong>καὶ</strong></span> <span class='ocrx_word' id='word_1_250' title='bbox 976 4085 1060 4140; x_wconf 79' lang='grc' dir='ltr'><em>οἷ’τως</em></span> <span class='ocrx_word' id='word_1_251' title='bbox 1079 4083 1236 4151; x_wconf 76' lang='grc' dir='ltr'><em>(ἶνῄρουν.“</em></span> 
     </span>
    </p>

    <p class='ocr_par' dir='ltr' id='par_1_7' title="bbox 175 4171 1349 4332">
     <span class='ocr_line' id='line_1_33' title="bbox 247 4171 1349 4244; baseline -0.007 -14"><span class='ocrx_word' id='word_1_252' title='bbox 247 4177 267 4244; x_wconf 74' lang='lat'><strong>⁹)</strong></span> <span class='ocrx_word' id='word_1_253' title='bbox 292 4177 340 4230; x_wconf 83' lang='lat' dir='ltr'><strong>cfr.</strong></span> <span class='ocrx_word' id='word_1_254' title='bbox 366 4176 422 4228; x_wconf 89' lang='lat' dir='ltr'><strong>Der</strong></span> <span class='ocrx_word' id='word_1_255' title='bbox 440 4175 502 4229; x_wconf 89' lang='lat' dir='ltr'><strong>heil.</strong></span> <span class='ocrx_word' id='word_1_256' title='bbox 522 4175 623 4229; x_wconf 86' lang='lat' dir='ltr'><strong>Paulus</strong></span> <span class='ocrx_word' id='word_1_257' title='bbox 647 4175 701 4228; x_wconf 92' lang='lat' dir='ltr'><strong>und</strong></span> <span class='ocrx_word' id='word_1_258' title='bbox 726 4175 768 4227; x_wconf 90' lang='lat' dir='ltr'><strong>die</strong></span> <span class='ocrx_word' id='word_1_259' title='bbox 790 4174 891 4241; x_wconf 89' lang='lat' dir='ltr'><strong>griech.</strong></span> <span class='ocrx_word' id='word_1_260' title='bbox 911 4172 1054 4226; x_wconf 86' lang='lat' dir='ltr'><strong>Klassiker</strong></span> <span class='ocrx_word' id='word_1_261' title='bbox 1078 4172 1106 4224; x_wconf 91' lang='lat' dir='ltr'><strong>in</strong></span> <span class='ocrx_word' id='word_1_262' title='bbox 1134 4171 1280 4237; x_wconf 83' lang='lat' dir='ltr'><strong>,Stimmen</strong></span> <span class='ocrx_word' id='word_1_263' title='bbox 1300 4186 1349 4222; x_wconf 89' lang='lat' dir='ltr'><strong>aus</strong></span> 
     </span>
     <span class='ocr_line' id='line_1_34' title="bbox 175 4263 744 4332; baseline -0.007 -13"><span class='ocrx_word' id='word_1_264' title='bbox 175 4266 213 4319; x_wconf 82' lang='lat' dir='ltr'><strong>St.</strong></span> <span class='ocrx_word' id='word_1_265' title='bbox 233 4264 324 4318; x_wconf 78' lang='lat' dir='ltr'><strong>Paul.“</strong></span> <span class='ocrx_word' id='word_1_266' title='bbox 355 4263 423 4316; x_wconf 90' lang='lat' dir='ltr'><strong>Rom</strong></span> <span class='ocrx_word' id='word_1_267' title='bbox 443 4263 517 4316; x_wconf 84' lang='lat'><strong>1860.</strong></span> <span class='ocrx_word' id='word_1_268' title='bbox 536 4282 596 4332; x_wconf 85' lang='lat' dir='ltr'><strong>pag.</strong></span> <span class='ocrx_word' id='word_1_269' title='bbox 616 4263 665 4315; x_wconf 84' lang='grc'><strong>261</strong></span> <span class='ocrx_word' id='word_1_270' title='bbox 685 4279 744 4330; x_wconf 88' lang='lat' dir='ltr'><strong>sqq.</strong></span> 
     </span>
    </p>

    <p class='ocr_par' dir='ltr' id='par_1_8' title="bbox 175 4347 1348 4505">
     <span class='ocr_line' id='line_1_35' title="bbox 247 4347 1348 4420; baseline -0.005 -17"><span class='ocrx_word' id='word_1_271' title='bbox 247 4351 267 4418; x_wconf 80' lang='lat'><strong>⁸)</strong></span> <span class='ocrx_word' id='word_1_272' title='bbox 286 4350 381 4420; x_wconf 89' lang='lat' dir='ltr'><strong>Praep.</strong></span> <span class='ocrx_word' id='word_1_273' title='bbox 401 4368 442 4404; x_wconf 91' lang='lat' dir='ltr'><strong>ev.</strong></span> <span class='ocrx_word' id='word_1_274' title='bbox 459 4369 484 4419; x_wconf 94' lang='lat' dir='ltr'><strong>p.</strong></span> <span class='ocrx_word' id='word_1_275' title='bbox 504 4369 529 4420; x_wconf 92' lang='lat' dir='ltr'><strong>p.</strong></span> <span class='ocrx_word' id='word_1_276' title='bbox 549 4351 581 4406; x_wconf 81' lang='lat'><strong>61</strong></span> <span class='ocrx_word' id='word_1_277' title='bbox 601 4369 674 4419; x_wconf 91' lang='lat' dir='ltr'><strong>sqq.;</strong></span> <span class='ocrx_word' id='word_1_278' title='bbox 702 4351 751 4404; x_wconf 78' lang='lat'><strong>175</strong></span> <span class='ocrx_word' id='word_1_279' title='bbox 770 4367 842 4420; x_wconf 88' lang='lat' dir='ltr'><strong>sqq.;</strong></span> <span class='ocrx_word' id='word_1_280' title='bbox 867 4349 1012 4420; x_wconf 72' lang='grc'><strong>4108(1(1·;</strong></span> <span class='ocrx_word' id='word_1_281' title='bbox 1041 4347 1176 4410; x_wconf 81' lang='grc'>461-63;</span> <span class='ocrx_word' id='word_1_282' title='bbox 1205 4347 1257 4398; x_wconf 80' lang='grc'><strong>475</strong></span> <span class='ocrx_word' id='word_1_283' title='bbox 1277 4362 1348 4412; x_wconf 89' lang='lat' dir='ltr'><strong>sqq.;</strong></span> 
     </span>
     <span class='ocr_line' id='line_1_36' title="bbox 175 4437 668 4505; baseline 0.002 -13"><span class='ocrx_word' id='word_1_284' title='bbox 175 4439 326 4505; x_wconf 82' lang='lat'>496-500;</span> <span class='ocrx_word' id='word_1_285' title='bbox 346 4438 498 4501; x_wconf 80' lang='lat'>548-550;</span> <span class='ocrx_word' id='word_1_286' title='bbox 523 4437 668 4494; x_wconf 84' lang='lat'><strong>668-691.</strong></span> 
     </span>
    </p>
   </div>
   <div class='ocr_carea' id='block_1_3' title="bbox 0 0 1639 5056">
    <p class='ocr_par' dir='ltr' id='par_1_9' title="bbox 0 0 1639 5056">
     <span class='ocr_line' id='line_1_37' title="bbox 0 0 1639 5056; baseline 0 0"><span class='ocrx_word' id='word_1_287' title='bbox 0 0 1639 5056; x_wconf 95' lang='lat' dir='ltr'><strong> </strong></span> 
     </span>
    </p>
   </div>
  </div>
 </body>
</html>
