3252 5056
845 373 887 440 42

362 591 458 656 Nunc
480 589 605 678 singula
626 610 767 676 quaeque
790 592 1014 659 tractabimus:

405 719 529 767 versus:
560 701 721 788 ,ἕβδομον
752 692 837 787 ἦμαρ
867 703 924 788 ἔην
952 708 1003 772 καὶ
1031 710 1077 792 τῷ
1105 709 1271 772 τετέλεστο
1294 704 1473 780 ἅπαντα“,

280 811 384 875 exstat
404 809 437 875 in
458 809 589 877 Homeri
612 809 670 876 0d.
694 813 728 889 ε’,
750 815 829 878 262:

404 929 600 1012 τέταρτον
622 912 707 1010 ἦμαρ
730 921 786 1012 εἠν
807 928 859 990 καὶ
881 930 926 1012 τῷ
948 928 1115 993 τετέλεστο
1137 925 1266 991 ἅπαντα

407 1037 451 1119 τῷ
466 1030 496 1098 δ’
510 1031 571 1119 ἄρα
593 1039 734 1120 πέμπτῳ
756 1035 823 1100 κτλ.

366 1139 567 1207 Aristobulus
582 1138 678 1226 igitur
693 1139 809 1207 verbis:
832 1147 1020 1218 ..τετέλεστο
1037 1143 1165 1212 ἅπαντα
1183 1143 1253 1226 (cfr.
1269 1129 1340 1229 gen.
1362 1143 1410 1209 ΙΙ.
1423 1142 1472 1226 2.)

281 1249 458 1327 adducitur,
480 1252 518 1316 nt
539 1258 692 1338 τέταρτον
713 1250 884 1317 mutaverit
904 1251 937 1317 in
961 1253 1108 1340 ἕβδομον.

321 1360 451 1426 Homeri
474 1380 610 1437 versum,
632 1362 685 1444 qui
707 1359 924 1444 subsequitur:

407 1473 587 1564 ,,ἑβδομάτη
611 1472 640 1539 d'
662 1473 719 1561 ἠοῖ
738 1476 878 1556 λίπομεν
900 1477 978 1559 ῥόον
999 1473 1035 1554 ἐξ
1057 1473 1258 1563 'lixebonam‘

321 1579 522 1648 Aristobulus
550 1580 595 1648 ita
624 1580 791 1667 allegorice
812 1581 1039 1666 interpretatus
1062 1583 1128 1648 est:
1180 1589 1296 1662 „rotro
1328 1583 1369 1671 δὴ
1406 1606 1471 1668 ση-

279 1698 418 1775 μαίνων,
448 1691 490 1768 οἷς
511 1693 579 1782 :ind
601 1699 657 1781 τῆς
679 1692 757 1758 κατὰ
779 1693 890 1783 :pexeio
912 1696 1017 1785 λήθης
1038 1698 1089 1762 καὶ
1111 1702 1236 1768 κακίας,
1265 1692 1304 1758 ἐν
1322 1699 1367 1781 τῷ
1393 1691 1472 1759 κατ’

279 1798 438 1889 ἀληθειαν
469 1803 595 1891 ἑβδόμῳ
632 1803 732 1889 λόγῳ,
761 1805 1035 1887 καταλομπάνεταο
1065 1803 1104 1870 τά
1135 1809 1369 1888 προειρημένα,
1413 1805 1471 1868 καὶ

279 1917 398 1996 γνῶσιν
424 1911 578 2002 ἀληθείας
605 1909 829 1998 λαμβάνομεν,
858 1913 967 1989 καθώς
995 1922 1202 2004 πραείρηταοε
1235 1931 1330 1995 quam
1357 1910 1470 1976 inter·
1597 1918 1607 1950 ⁴

279 2018 492 2102 pretationem
516 2021 662 2087 Clemens
684 2019 804 2097 omisit:

364 2130 536 2198 Clementis
552 2129 784 2196 hemistichium
804 2133 947 2218 ‚tidddpq
970 2123 1011 2221 ἦν
1033 2131 1123 2219 ἱερή“
1146 2131 1235 2197 deest
1256 2129 1340 2213 apud
1358 2132 1468 2196 huse-

283 2240 380 2306 bium.
434 2241 585 2323 Ultimos.
607 2239 740 2322 denique
772 2240 910 2324 quinque
939 2259 1047 2307 versus
1078 2240 1224 2308 Clemens
1256 2239 1469 2316 Callimacho,

282 2350 361 2416 Lino
391 2349 590 2416 aristobulus
619 2349 745 2426 tribuit:
776 2350 809 2415 in
838 2350 939 2434 primo
971 2351 1110 2417 notanda
1139 2351 1188 2416 est
1208 2350 1285 2416 levis
1313 2348 1467 2416 lectionis

279 2459 431 2526 varietas:

343 2571 524 2661 ,ἑβδομάτῃ
548 2570 578 2638 δ’
599 2569 655 2660 ἠοῖ
672 2581 728 2638 καί
744 2573 774 2638 oi
795 2573 964 2640 τετύκοντο
987 2571 1135 2638 ἅπαντα*
1158 2569 1349 2655 (Clemens)·

342 2681 523 2769 „tiddopuirp
546 2681 585 2770 δη
605 2681 636 2746 oi
655 2685 867 2764 τετελεσμένα
890 2683 997 2748 πάντα
1020 2689 1185 2750 τέτυκτασ·
1208 2679 1464 2766 (Ασίελολπλυεμ

279 2809 336 2856 uos
358 2787 566 2856 Valckenario
579 2773 605 2872 ¹¹)
628 2789 828 2865 assentimur,
851 2790 994 2872 quirem
1015 2790 1060 2856 ita
1082 2789 1309 2874 expediendam
1332 2793 1463 2855 censet:

281 2901 381 2976 „adeo
403 2895 521 2977 similis,
544 2901 582 2966 ut
604 2899 696 2966 unius
719 2898 837 2965 cerebri
859 2898 976 2964 Iudaici
999 2900 1031 2965 hi
1052 2900 1129 2966 mibi
1151 2898 1269 2986 gemini
1290 2899 1463 2966 videantur

281 3008 440 3076 simillima
468 3010 603 3093 prolem·
654 3009 744 3092 Quod
773 3009 884 3075 deinde
916 3009 1061 3076 Clemens
1094 3011 1150 3074 bos
1181 3009 1318 3092 quinque
1349 3027 1463 3076 versus

279 3118 472 3187 Callimacho
484 3119 521 3202 ²),
549 3118 627 3184 Lino
651 3118 850 3184 Aristobulus
873 3117 1028 3195 attribuit,
1049 3118 1122 3185 inde
1145 3117 1369 3202 Dindorfius⁸)
1391 3119 1462 3185 col-

278 3227 368 3316 tigit,
401 3227 598 3295 Clementem
627 3228 731 3311 ipsum
760 3247 857 3312 aeque
889 3231 984 3312 atque
1013 3228 1231 3295 aristobulum
1261 3230 1318 3295 hos
1349 3223 1462 3296 versus

280 3339 357 3405 Lino
397 3339 612 3416 adjudicasse3
657 3340 712 3404 sed
754 3339 916 3404 librarium
962 3339 1138 3422 quendam,
1180 3337 1229 3404 cui
1273 3337 1461 3405 Callimachi

282 3468 391 3515 versus
412 3449 641 3525 innotuissent,
669 3449 797 3536 genuini
820 3446 957 3514 auctoris
980 3467 1095 3514 nomen
1116 3449 1149 3513 in
1171 3448 1342 3514 Clementis
1363 3448 1460 3514 libros

280 3560 447 3642 recepisse:
478 3559 510 3624 id
542 3578 614 3625 vero
645 3560 767 3626 factum
796 3578 862 3624 esse
891 3558 1014 3624 videtur
1047 3561 1121 3624 ante
1151 3557 1277 3626 uusebii
1307 3559 1459 3634 aetatem,

280 3668 394 3753 quippe
416 3669 469 3753 qui
494 3669 558 3736 iam
590 3669 742 3736 lectiones
764 3669 867 3736 uarias
897 3668 1050 3736 exhibeat.
1106 3670 1212 3751 Atque
1234 3667 1458 3752 quaerentibus

280 3777 385 3856 nobis,
414 3799 475 3862 qua
508 3779 545 3844 de
576 3797 670 3845 causa
694 3779 895 3846 Aristobulus
927 3779 998 3845 illos
1020 3797 1144 3854 versus,
1174 3796 1251 3861 quos
1273 3777 1459 3844 Callimachi

281 3908 347 3954 esse
384 3889 468 3954 haud
497 3887 683 3974 ignorabat,
719 3889 797 3955 Iino
838 3888 1052 3973 supposuerit,
1081 3887 1347 3971 Valckenarius⁴t
1384 3908 1457 3956 meo

280 3998 406 4082 quidem
426 3997 540 4064 iudicio
562 4000 654 4064 acute
677 4000 855 4082 respondit:

353 4208 373 4278 ¹)
391 4208 408 4264 h
427 4209 444 4264 l.
463 4227 523 4280 pag.
545 4209 603 4264 123.

354 4297 374 4366 ¹)
393 4297 528 4364 Quattuor
545 4313 610 4351 sane
629 4313 726 4352 versus
745 4296 902 4352 Callimachi
919 4300 991 4352 sunt.
1010 4339 1013 4346 .

355 4384 375 4454 ⁸)
393 4383 443 4439 Ed.
462 4383 545 4438 Olem.
564 4383 618 4438 vol.
637 4385 685 4439 III.
703 4403 764 4456 pag.
784 4385 843 4440 713.
862 4385 893 4441 P.

353 4471 374 4543 ⁴)
392 4471 410 4528 l.
428 4471 446 4528 l
465 4487 526 4542 pag.
547 4471 604 4529 125.
