3252 5056
728 359 767 423 13

241 579 309 646 Noa
331 576 456 660 quidem
480 578 557 643 haec
581 579 692 644 eontra
717 579 929 662 disputamus:
954 580 1102 645 naturam
1123 582 1173 646 rel
1193 581 1332 648 indolem

158 687 318 772 scriptoris
341 688 473 754 alicuius
498 688 747 755 examinantibus
777 709 841 756 non
863 689 957 755 licere
979 709 1018 755 ex
1038 689 1178 772 priorum
1200 693 1334 774 posteri-

158 819 286 866 orumve
310 801 509 866 saeculorum
531 799 657 886 ingenio
682 802 778 883 atque
805 800 943 866 moribus
970 802 1132 866 auctorem
1159 801 1213 885 qui
1234 804 1334 870 altera

158 912 266 976 aetate
289 909 396 975 floruit
420 909 604 976 diiudicare:
627 912 664 976 ut
683 909 780 996 igitur
798 910 945 976 Clemens
966 909 998 974 in
1022 911 1237 978 ementiendis
1258 914 1335 979 locis

143 1039 271 1102 ⁸parum
295 1019 427 1106 diligens
452 1022 536 1096 erat,
569 1019 614 1086 ita
644 1019 703 1103 ipsi
736 1020 803 1098 alii,
836 1019 889 1104 qui
918 1021 1055 1086 secundo
1077 1040 1108 1104 p.
1131 1021 1186 1087 Ch.
1211 1025 1334 1089 saeculo

158 1131 369 1214 seripserunt:
400 1129 442 1195 sit
462 1130 608 1196 Clemens
638 1132 787 1213 deeeptus
809 1130 994 1196 Iudaeorum
1018 1130 1197 1208 fraudibus,
1230 1135 1262 1198 et
1283 1133 1336 1198 alii

158 1243 277 1309 eisdem
307 1239 429 1324 decepti
458 1243 533 1306 sunt
564 1261 590 1306 e.
613 1263 643 1328 g.
667 1240 808 1308 Iustinus
838 1244 962 1326 Martyr
992 1241 1024 1306 et
1054 1243 1165 1308 auctor
1193 1242 1335 1310 incertus

157 1352 258 1419 libelli
279 1353 316 1417 de
339 1350 533 1419 monarchia.

245 1486 450 1553 Pervenimus
476 1487 515 1552 ad
544 1486 677 1553 alteram
705 1486 797 1553 huius
827 1485 1018 1570 quaestionis
1039 1489 1181 1569 partem,
1211 1489 1334 1572 quade

159 1599 333 1664 Clementis
356 1597 499 1663 doctrina
520 1616 621 1679 pauca
644 1597 794 1664 disserere
816 1597 903 1663 nobis
924 1597 1158 1680 proposuimus:
1188 1617 1225 1664 ea
1246 1598 1279 1663 in
1300 1618 1334 1663 re

158 1708 262 1774 missis
291 1707 359 1774 aliis
391 1707 560 1791 disciplinis
590 1709 687 1773 solam
718 1705 940 1792 philologicam
970 1727 1031 1791 qua
1057 1702 1120 1772 illis
1141 1707 1335 1791 temporibus

159 1819 258 1884 imbui
279 1818 384 1901 potuit
405 1818 612 1886 eruditionem
635 1817 814 1882 accuratius
834 1818 1064 1899 perscrutaturi
1086 1838 1204 1888 sumus.

247 1954 339 2020 Teste
368 1953 541 2036 Epiphanio
574 1954 668 2018 natus
701 1953 750 2019 est
777 1945 836 2018 aut
860 1952 893 2017 in
923 1951 990 2035 ipsa
1020 1953 1211 2020 Alexandria
1223 1955 1250 2037 ¹)
1280 1957 1336 2021 aut

161 2064 306 2130 Athenis.
356 2064 554 2130 Clementem
585 2062 810 2128 Atheniensem
838 2062 933 2128 luisse
963 2063 1119 2130 imbecillo
1147 2064 1336 2132 adminiculo

160 2173 308 2250 fulcitur:
338 2192 375 2240 ex
403 2172 504 2256 primo
533 2173 640 2237 autem
667 2173 858 2237 stromatum
885 2172 963 2239 libro
994 2177 1101 2256 oapi
1135 2176 1152 2259 ξ
1179 2179 1229 2251 11,
1251 2175 1336 2241 unde

161 2283 364 2369 cognovimus
387 2281 513 2348 eumin
536 2284 683 2369 Aegypto
713 2282 752 2348 ab
773 2282 922 2348 itinerum
945 2283 1103 2349 laboribus
1124 2284 1336 2368 conquievisse

161 2396 195 2479 (l.
206 2399 228 2460 l.
243 2394 303 2486 ἥδη
316 2397 351 2462 δὲ
368 2393 407 2462 οδ
421 2393 527 2484 γραφη
543 2395 588 2470 εἰς
602 2393 759 2474 ἐπίδειξιν
773 2401 1009 2481 τετεχνασμένη
1019 2395 1077 2485 ἥδε
1090 2395 1112 2486 ἦ
1126 2405 1336 2486 πραγματεία·

161 2506 242 2575 ἄλλα
264 2532 320 2591 μοι
341 2505 558 2594 ὑπομνήματα
588 2506 631 2579 είς
655 2510 751 2592 γῆρας
774 2509 1007 2592 δησανρίζεται
1031 2505 1135 2596 λήθης
1158 2507 1337 2596 φάρμακον,

163 2621 298 2686 εἴδωλον
333 2615 473 2699 ἀτεχνῶς
510 2619 561 2682 καὶ
598 2620 788 2702 σκιαγραφία
823 2619 888 2679 τῶν
921 2612 1061 2698 ἐναργῶν
1092 2619 1145 2682 καὶ
1181 2614 1339 2704 ἐμψύχων

162 2729 302 2810 ἐκείνων,
316 2717 361 2793 ὧν
376 2725 584 2814 κατηξιώδην
596 2723 780 2802 ἐπακοῦσαι,
793 2723 899 2808 λόγων
914 2726 1017 2801 τεκαὶ
1033 2721 1158 2813 ἀνδρῶν
1174 2733 1339 2815 μακαρίων

162 2842 214 2906 καὶ
230 2845 275 2926 τῷ
290 2837 360 2904 ὄντι
375 2833 558 2919 ἅξιολόγων.
582 2836 704 2901 τούτων
719 2832 738 2898 δ
754 2834 817 2916 μὲν
838 2832 893 2900 ἐπὶ
907 2839 963 2920 τῆς
975 2832 1130 2916 Ἑλλάδος,
1153 2833 1173 2899 o‘
1186 2833 1337 2909 Ἰωνικός·

144 2949 195 3027 soi
211 2949 246 3014 δὲ
269 2946 325 3014 ἐπὶ
341 2952 396 3036 τῆς
416 2945 555 3031 μεγάλης
568 2944 729 3019 Ἑλλάδος·
752 2949 808 3033 τῆς
829 2946 1084 3034 κοιλῆςθάτερος
1100 2940 1205 3010 αὐτῶν
1220 2951 1338 3034 Συρίας

162 3049 218 3148 ἦν·
240 3057 259 3122 δ
281 3059 317 3124 δὲ
338 3049 396 3123 ἄντ’
417 3055 597 3142 Αἰγύπτου·
624 3049 714 3121 ἄλλοι
736 3053 771 3120 δὲ
793 3052 852 3120 dvo?
872 3053 932 3140 την
953 3051 1127 3142 ἀνατολήν·
1150 3059 1202 3121 καὶ
1223 3054 1339 3145 ταύτης
1424 3062 1428 3070 “

157 3167 184 3257 Ιδ
198 3171 259 3253 μὲν
277 3175 332 3256 τῆς
355 3172 419 3234 τῶν
434 3166 619 3247 Ἀσσυρίων·
642 3163 661 3228 δ
682 3167 718 3231 δὲ
740 3163 774 3230 ἐν
789 3166 987 3254 Παλαιστίνῃ
1002 3163 1143 3253 Ἐβραῖος
1165 3163 1338 3232 ἀνέκαθεν·

162 3277 302 3366 Ὑστάτῳ
325 3280 360 3344 δὲ
390 3276 587 3361 περιτυχών·
616 3276 750 3359 δυνάμει
771 3277 806 3342 δὲ
829 3263 920 3348 οὗτος
942 3281 1070 3357 πρῶτος
1089 3264 1144 3360 ἦν·
1167 3273 1339 3341 ἀνεπαν-

164 3387 298 3475 σάμην
319 3385 362 3453 ἒν
383 3387 570 3474 Αἰγύπτῳ
600 3386 784 3476 δηράσας
813 3382 1037 3474 λεληθότα)
1061 3381 1205 3468 intellegi
1232 3386 1339 3465 potest

166 3515 267 3580 neque
284 3497 533 3564 Alexandrinum
555 3494 651 3562 fnisse
674 3493 880 3562 Clementem.
917 3497 999 3560 Eum
1020 3491 1117 3558 nobili
1138 3512 1253 3578 genere
1272 3512 1339 3560 esse

164 3609 268 3673 ortum
292 3609 425 3690 apparet
447 3626 484 3672 er
505 3606 617 3672 festiva
641 3605 820 3671 urbanitate
844 3606 877 3669 et
897 3621 1022 3669 morum
1045 3603 1213 3689 elegantia,
1244 3622 1338 3686 quam

165 3719 265 3783 altero
282 3718 463 3804 Paedagogi
484 3717 563 3782 libro
586 3715 803 3791 commendat:
825 3715 909 3779 unde
932 3712 1148 3779 concludimus
1169 3712 1216 3778 illi
1237 3732 1339 3796 neque

164 3848 239 3912 opes
261 3827 540 3914 adacquirendam
562 3826 746 3912 ,,ἑγκύκλιον
760 3823 844 3890 illius
866 3822 979 3890 aetatis
1002 3827 1171 3891 παιδείανι
1195 3822 1339 3887 defuisse.

238 4109 258 4180 ¹)
276 4108 408 4183 Epiphan.
418 4111 522 4166 haeres,
532 4109 617 4175 XXX,
636 4109 667 4164 δι
686 4105 811 4175 Κλήμης·
822 4106 857 4156 δν
868 4102 942 4172 φασί
957 4118 1032 4158 τινες
1042 4099 1229 4170 Ἀλεξανδρέα,
1251 4097 1341 4170 ἕτεροι

165 4198 202 4252 δὲ
220 4197 373 4263 Ἀθηναῖον.
398 4196 574 4268 Epiphanius,
588 4197 730 4267 episcopua
740 4193 909 4258 Salaminium
928 4191 1021 4245 floruit
1032 4207 1056 4243 a.
1066 4188 1212 4244 310-403.
1240 4189 1341 4243 Μελίας

166 4289 290 4357 (histoire
304 4288 336 4340 de
351 4286 444 4339 l’ecole
458 4285 655 4338 d’Alexandrie.
679 4282 758 4337 Paris
769 4281 845 4336 1844.
864 4282 928 4335 tom.
938 4280 972 4333 II.
987 4295 1013 4348 p.
1024 4276 1087 4344 261)
1105 4274 1209 4330 Gallica
1226 4276 1341 4352 quadam

166 4377 279 4431 levitate
303 4373 421 4430 testibus
445 4374 527 4427 huius
551 4373 730 4442 gravissimae
756 4370 796 4425 rei
819 4389 872 4424 non
897 4367 1015 4422 laudatis
1037 4363 1188 4421 contendit:
1219 4362 1342 4416 clement

166 4462 243 4516 avait
259 4464 311 4517 fait
328 4479 373 4516 ses
391 4461 487 4514 eludes
504 4460 591 4532 parmi
609 4460 650 4515 les
668 4458 842 4530 philosophas
861 4456 1017 4510 d’Athenee.
