3252 5056
667 369 877 473 ..1,

269 587 331 654 Sed
352 589 434 655 haec
452 589 622 654 hactenns!
664 587 791 656 Maioris
812 583 967 655 momenti
989 590 1038 656 est
1059 587 1253 663 examinare,
1275 586 1358 653 unde

182 699 286 764 totam
307 698 396 765 illam
418 698 609 786 farraginem
624 698 771 766 Clemens
792 699 983 782 repetiverit.
1028 701 1095 766 lam
1115 695 1358 777 Ruhnkenius1)

180 809 306 874 rectum
338 809 515 892 suspicatus
556 810 620 876 est:
655 809 916 886 ‚Notustissimus
950 808 1177 896 grammaticus
1208 805 1287 886 libro
1321 806 1358 871 dc

181 915 371 1003 somptornm
403 919 513 995 furtis,
547 937 641 1002 quem
670 918 815 985 Clemens
845 919 1080 987 Alexandrinus
1113 918 1190 984 nihil
1225 917 1358 984 similem

181 1026 261 1094 furti
290 1027 446 1096 actionem
476 1027 594 1095 veritus
624 1027 836 1113 compilavit.“
887 1028 1103 1115 Lessingiusll
1134 1047 1206 1094 vero
1240 1029 1358 1104 censet,

180 1137 380 1204 Clementem
407 1139 486 1205 haec
513 1137 618 1204 omnia
649 1137 761 1203 debere
782 1137 1112 1222 Hippioesophistae,
1144 1157 1237 1225 quem
1259 1138 1359 1205 talem

182 1247 298 1315 librum
321 1248 517 1334 descripsisse
538 1247 604 1334 ipsc
630 1249 774 1316 Clemens
796 1248 952 1333 tradatll.
986 1229 988 1236 ’

268 1359 475 1426 Subtilissime
499 1359 632 1444 denique
660 1361 755 1444 atque
784 1358 1017 1424 accuratissime
1047 1358 1085 1423 dc
1117 1376 1153 1425 ea
1175 1358 1359 1442 quaestione

183 1468 357 1552 disputavit
379 1470 515 1536 Cobetus
543 1469 873 1556 incommentariolo,
902 1473 995 1551 quem
1019 1467 1056 1534 de
1078 1469 1212 1535 Platone
1234 1469 1358 1536 Comioo

183 1579 360 1664 composuit
369 1582 412 1669 ῆς
442 1580 603 1663 profectus
625 1579 708 1646 enim
739 1599 776 1645 en
802 1580 872 1645 loco
894 1597 967 1664 pag.
992 1583 1069 1646 752:
1102 1581 1261 1657 „numos
1282 1581 1359 1649 111

181 1690 360 1773 κωμικός
387 1697 437 1759 καὶ
459 1693 683 1781 Ἀριστοφάνης
710 1689 745 1758 ἐν
772 1697 817 1778 τῷ
846 1693 996 1778 Δαιδάλῳ
1023 1690 1062 1758 τά
1092 1684 1239 1772 άλλάλων
1266 1690 1358 1778 άφαι-

182 1804 350 1886 ροῦνται,“
375 1799 556 1880 coniectura
579 1799 779 1887 sagacissima
802 1801 964 1870 assecutus
987 1802 1045 1876 est,
1067 1799 1264 1865 Clementem
1286 1817 1358 1865 cum

181 1907 286 1974 multa
307 1907 368 1974 alia
390 1910 460 1976 tum
480 1909 616 1976 maxime
645 1901 727 1976 hanc
751 1910 788 1975 de
816 1908 909 1975 furtis
931 1909 1093 1976 litterariis
1116 1908 1358 1975 commentatio·

183 2036 257 2083 nem
280 2035 315 2084 ex
338 2021 528 2102 Aristobulo
556 2019 588 2084 in
619 2040 710 2084 suum
739 2038 831 2084 usum
862 2018 1062 2085 convertisse.
1112 2017 1200 2086 Idem
1221 2018 1358 2085 Cobetus

181 2127 340 2205 affirmat,
376 2129 523 2215 gravibus
554 2147 629 2196 sane
663 2127 765 2194 causis
798 2129 969 2205 adductus,
1005 2128 1223 2195 Aristobnlum
1253 2128 1356 2214 ipsum

179 2237 270 2304 illam
298 2239 439 2305 locorum
464 2240 580 2305 nubem
614 2237 822 2325 congessissc;
846 2258 920 2304 nam
938 2238 1139 2306 Aristobulus
1160 2239 1356 2326 (Clemensll

182 2349 241 2414 has
268 2352 436 2432 poetarum
459 2349 634 2415 sententias
655 2347 789 2415 invicem
811 2351 972 2432 surreptas
993 2348 1126 2414 iudicat:

106 2497 108 2504 '
225 2486 328 2569 ,πρός
350 2489 474 2562 τούτοις
498 2489 704 2569 Θεοπόμπου
727 2488 938 2576 ποιήσαντος·

309 2600 357 2672 δὶς
378 2600 492 2674 παῖδες
514 2598 545 2664 oi
566 2603 708 2680 γέροντες
730 2601 823 2684 ὀρθῷ
846 2602 890 2683 τῷ
913 2596 1015 2682 λόγῳ·

226 2710 279 2773 καὶ
300 2706 371 2794 πρό
393 2731 427 2791 γε
449 2707 566 2774 τούτου
586 2710 789 2793 Σοφοκλέους
811 2705 845 2772 έν
866 2711 911 2794 τῷ
934 2708 1045 2796 Πηλεῖ.

313 2820 423 2906 Πηλέα
444 2817 503 2882 τάν
523 2817 671 2884 Αἰάκειον
692 2816 835 2898 οἰκουρός
855 2817 939 2906 μάνη

311 2932 532 3011 νερονταγωγῶ
554 2925 776 2993 „coenulento
799 2926 898 2993 πάλιν

311 3037 410 3105 πάλιν
431 3035 489 3122 γάρ
510 3025 606 3110 αὖθις
628 3047 705 3112 παῖς
727 3035 745 3102 ά
766 3037 934 3125 γηράσκων
955 3033 1051 3124 ἀνήρ·

225 3145 378 3232 Ἀντιφῶν
406 3146 553 3235 άρήτωρ
587 3150 685 3232 λέγει·
716 3153 929 3235 ,φηροτροφιά
961 3146 1019 3233 γάρ
1050 3153 1214 3236 προςέοικε
1245 3148 1356 3212 παιδο-

311 3262 460 3348 τροφίῷ·
483 3251 671 3323 11111111
695 3256 921 3341 φιλόσοφος
940 3256 1078 3323 Πλάτων
1100 3246 1171 3340 ,,άρ’
1194 3254 1235 3329 τάς
1254 3254 1356 3321 ἔοικεν

311 3365 330 3430 ά
351 3373 451 3452 γέρων
473 3369 520 3440 δὶς
542 3376 619 3440 παῖς
640 3362 752 3448 γένοιτ’
773 3363 844 3432 ἄν.“

276 3490 355 3557 Cum
385 3489 428 3556 eis
454 3490 551 3577 igitur
572 3491 711 3556 uersibus
733 3493 897 3573 comparat
912 3491 1083 3576 Cobetus⁶)
1107 3492 1230 3568 notam,
1262 3510 1356 3574 quam

257 3763 276 3833 ι)
294 3765 365 3821 Η111.
385 3765 444 3820 crit.
463 3769 530 3821 orat.
550 3766 644 3822 Graec.
662 3783 723 3837 pag.
742 3766 797 3821 LII.

255 3852 276 3921 ¹)
294 3854 360 3908 Vita
378 3853 519 3925 Sophoclis
538 3853 616 3922 (00).

256 3938 277 4007 ⁸)
295 3940 394 3996 Strom.
413 3941 431 3995 l.
450 3940 468 3995 l.
486 3957 548 4010 pag.
568 3940 632 3995 745:
665 3934 763 4007 „po'pa
787 3937 919 4009 ἄντικρυς
942 3937 1135 4007 μαρτυροῦντὰ
1158 3937 1227 4006 ἡμῖν
1250 3933 1357 3986 Ἱππίαν

184 4026 234 4080 τόν
252 4028 390 4098 σοφιστήν
408 4029 458 4081 τάν
476 4028 594 4093 Ἠλεῖον,
621 4031 651 4087 uc
669 4028 717 4081 τόν
735 4026 821 4082 ον’τάν
838 4027 906 4098 περ)
922 4031 971 4080 τοῦ
989 4024 1178 4098 προκειμένου
1198 4041 1248 4093 μοι
1268 4018 1355 4090 σκέμ-

182 4116 1135 4275 ems)ugggzrzmgagggfflwaflg]alffiisnggnfffiiquizl·
1162 4198 1356 4256 Amstelodami

186 4293 261 4350 1840.
279 4312 340 4366 pag.
359 4293 470 4349 68-79,

256 4382 277 4451 ⁸)
294 4381 311 4438 l.
330 4382 347 4437 l.
366 4400 426 4452 pag.
447 4382 505 4436 748.

257 4468 278 4538 ⁸)
296 4469 314 4525 1.
332 4469 350 4525 l.
369 4487 430 4542 pag.
450 4470 491 4530 14.
