3252 5056
758 332 799 398 27

278 551 380 632 Quam
404 552 619 636 quaestionem
641 553 814 628 movimus,
841 551 873 616 in
904 571 939 622 ea
972 550 1120 615 solvenda
1143 549 1367 616 exordiendum

192 659 278 723 nobis
313 663 361 726 est
390 681 428 727 ex
459 665 517 727 hoc
547 663 696 748 Diogenis
726 663 795 726 loco
809 661 850 744 1);
879 667 982 750 ,φησι
1012 665 1039 726 δ’
1063 660 1161 728 αὐτόν
1181 661 1367 745 Ἕρμιππος

191 770 273 854 μεταῖ
294 773 353 837 τόν
367 775 555 858 Κασάνδρου
574 777 719 863 θάνατον
741 779 929 862 φοβηθέντα
951 771 1136 858 Ἀντίγονον,
1159 777 1247 859 παρα
1270 779 1304 839 11
1310 797 1367 836 το-

192 882 360 962 λεμαῖον
382 881 529 951 ἐλθεῖν
550 885 622 950 τόν
640 889 827 971 Σωτῆρα·
850 879 943 948 κόκεῖ
961 877 1112 969 χρόνον
1134 881 1281 948 ἱκανόν
1303 883 1368 947 δια-

192 997 342 1076 τρίβοντα
365 995 667 1078 συμβουλεύειν
689 999 734 1078 τῴ
757 995 947 1078 Πτολεμαίῳ
970 991 1054 1080 πρός
1071 1001 1140 1064 τοῖς
1162 989 1299 1064 ἄλλοις·“
1330 1007 1367 1054 ex

191 1115 251 1180 quo
267 1098 336 1163 loco
349 1101 509 1181 profectus
520 1099 660 1168 Aristeas
673 1099 919 1166 comminiscitur
933 1099 1141 1176 Demetrium,
1160 1098 1366 1170 bibliothecae

131 1295 134 1300 ἡ
191 1207 425 1274 Alexandrinae
444 1211 690 1302 praefectumtl,
712 1212 895 1276 Ptolemaeo
906 1210 933 1292 ³)
956 1211 1118 1275 auctorem
1140 1208 1236 1273 fuisse
1258 1227 1367 1273 sacrae

191 1314 365 1398 scripturae
386 1318 419 1383 iu
442 1319 584 1406 linguam
608 1322 761 1388 Graecam
783 1318 1003 1402 vertendae4).
1051 1373 1056 1390 ,

275 1463 321 1526 Ex
334 1463 496 1527 Demetrio
520 1464 602 1528 enim
624 1483 679 1530 rer
700 1463 834 1546 quaerit,
858 1481 913 1527 cur
936 1481 1028 1528 nemo
1052 1481 1149 1545 usque
1172 1465 1242 1528 tum
1267 1464 1366 1529 Grae-

191 1588 299 1634 corum
321 1570 429 1655 legum
453 1571 628 1637 divinarum
650 1573 845 1638 mentionem
861 1571 967 1638 faciat.
1005 1571 1146 1638 Aristeas
1161 1573 1257 1656 igitur
1274 1573 1367 1658 fingit

191 1679 387 1745 Demetrium
405 1683 645 1747 commentarios
667 1667 895 1765 composuisse,
910 1683 1021 1765 quibus
1037 1702 1110 1747 eum
1126 1701 1198 1747 cum
1221 1681 1367 1746 aliatum
1443 1713 1444 1724 ι

189 1789 268 1852 haec
286 1788 492 1855 disserentem
513 1791 653 1857 inducit:
676 1797 814 1881 ,,Πόρρω
832 1795 997 1880 γεγόνασιν
1016 1793 1082 1859 εἴτε
1104 1803 1294 1876 συγγραφεῖς
1315 1797 1367 1859 καὶ

191 1905 323 1989 ποιηταὶ
344 1905 396 1968 καὶ
417 1903 455 1967 τό
477 1910 542 1968 τῶν
565 1905 735 1986 ἱστορικῶν
753 1906 883 1991 πλῆθος
905 1909 962 1990 τῆς
981 1901 1187 1992 έπιμνησεωυ
1204 1908 1269 1968 τῶν
1288 1927 1367 1984 προ-

192 2017 366 2097 ειρημένων
386 2015 520 2097 βιβλίων
549 2014 601 2080 διδ
624 2014 663 2079 τό
684 2012 786 2100 ἁγνήν
807 1991 880 2078 τινό
906 2015 958 2077 καὶ
985 2011 1107 2099 σεμνηυ
1140 2007 1220 2078 εἶναι
1247 2011 1307 2098 την
1333 2011 1368 2078 έν

130 2141 136 2154 ’
191 2117 299 2194 αότοῑς
320 2127 472 2209 θεωρίαν,
498 2122 539 2197 ὥς
561 2145 661 2213 φησιν
681 2122 882 2196 Ἑκαταῖος
905 2121 924 2186 ὅ
945 2120 1177 2211 Ἀβδηρίτης
1198 2122 1365 2210 ἀκηκοέναι

193 2229 451 2312 Θεοπόμπου
481 2233 565 2299 διότι
595 2236 722 2316 μέλλων
752 2231 824 2299 τινα
856 2238 922 2298 τόν
952 2240 1268 2321 προηρμηνευμένων
1298 2229 1367 2297 ἐπι-

191 2342 411 2428 σφαλέστερον
432 2341 466 2408 ἐκ
489 2348 548 2408 τοῦ
571 2344 671 2424 νόμου
694 2353 919 2428 προςιστορείν
946 2343 1089 2431 ταραχήν
1111 2341 1203 2427 λάβοι
1224 2347 1279 2428 της
1302 2343 1366 2406 δια·
1420 2409 1428 2424 ρ

192 2451 279 2524 νοίαζ
300 2453 417 2517 πλείου
438 2451 568 2541 ἡμερῶν
588 2453 756 2540 τριάκοντα
773 2457 877 2518 -καὶ
899 2451 988 2540 παραὶ
1010 2453 1238 2518 Θεοδέκτου
1260 2452 1295 2516 δὲ
1309 2457 1367 2517 τοῦ

191 2564 256 2624 τῶν
277 2563 461 2648 τραγῳδιῶν
480 2567 619 2650 ποιητοῦ
640 2565 818 2646 μετέλαβον
834 2561 894 2646 tyri
916 2563 998 2627 διότι
1021 2569 1221 2647 παραφέρειν
1241 2565 1368 2644 μέλλων

265 2867 284 2934 1)
303 2867 319 2921 l.
340 2867 357 2922 l.
377 2868 410 2934 V,
429 2871 453 2923 5.
474 2869 517 2923 78.

265 2953 285 3023 ⁹)
305 2955 475 3009 Valckenaer
493 2956 510 3010 l.
521 2956 538 3009 l.
550 2973 610 3025 pag.
622 2957 680 3010 156.
703 2956 843 3024 „equidem
862 2973 916 3008 non
934 2954 1049 3008 arbitror
1062 2953 1230 3008 Demetrium
1248 2957 1369 3024 tempore

191 3043 340 3096 Ptolemaei
351 3043 418 3110 Lagi
435 3043 614 3097 bibliothecae
633 3045 717 3098 fuisse
736 3044 827 3112 regiae
847 3043 986 3097 custodem
999 3042 1105 3111 proprie
1125 3042 1165 3095 sic
1177 3042 1286 3107 dictum,
1306 3041 1369 3110 quia

191 3130 342 3183 Zenodotus
366 3132 425 3182 tum
451 3132 510 3182 erat
536 3148 623 3198 neque
647 3149 663 3184 a
686 3130 862 3200 scriptoribus
880 3129 999 3196 antiquis
1017 3129 1108 3198 plures
1126 3129 1173 3183 isti
1191 3128 1369 3182 bibliothecae

190 3217 344 3286 praefectos
370 3218 648 3284 commemorantibus
668 3219 719 3272 hoo
738 3218 859 3272 exulanti
881 3217 969 3287 patria
983 3215 1121 3271 Demetrio
1139 3235 1237 3270 munus
1255 3233 1369 3285 usquam

191 3303 391 3356 contribuitur.“

264 3390 283 3457 ³)
302 3389 343 3443 De
354 3389 567 3457 difficultatibus,
588 3409 656 3461 quae
671 3411 706 3445 ex
720 3395 872 3462 temporum
883 3393 988 3446 ratione
1000 3393 1123 3445 oriuntur
1142 3393 1189 3446 cir.
1198 3392 1370 3446 Valckenaer

190 3478 208 3531 l.
227 3477 243 3530 l.
263 3494 323 3548 pag.
343 3475 377 3528 52
396 3494 454 3545 sqq.

263 3562 283 3630 ⁴)
303 3564 376 3616 Idem
396 3564 536 3618 contendit
546 3564 721 3619 Aristobulus
740 3567 810 3635 apud
824 3565 971 3620 Eusebium
989 3566 1019 3620 P.
1030 3563 1152 3622 R'XIII.
1173 3567 1212 3620 12.
1231 3583 1292 3635 pag.
1303 3567 1368 3622 664:

190 3651 229 3714 „rp‘
249 3649 327 3712 δ’όλη
347 3647 483 3719 ἑρμηνεία
501 3653 558 3701 τῶν
577 3649 628 3702 dcci
646 3653 694 3704 τοῦ
714 3653 803 3720 νόμου
822 3652 935 3703 πόντων
955 3647 1003 3704 ἐπὶ
1021 3657 1070 3704 τοῦ
1089 3652 1369 3722 προσαγορευθέντος

192 3735 368 3804 Φιλαδέλφου
399 3733 533 3804 βασιλέως
561 3738 766 3807 Δημητρίου
793 3743 853 3790 τοτ’·
881 3736 1068 3810 Φαληρέως
1094 3754 1368 3807 πραγματευσα-

191 3823 334 3893 μὲνου.“
370 3825 568 3880 Valckenarius
589 3827 763 3896 probabiliter
782 3828 893 3897 exponit
906 3828 1081 3893 Demetrium,
1101 3846 1161 3881 oum
1181 3825 1369 3880 celeberrimus

192 3911 265 3965 illius
277 3913 376 3966 aetatis
389 3913 565 3983 philosophus
584 3913 690 3978 fuisset,
700 3947 733 3954 -
758 3916 830 3968 teste
844 3914 957 3968 Aeliano
971 3915 1004 3969 V.
1018 3915 1050 3968 H.
1071 3916 1118 3968 III.
1134 3914 1179 3968 17:
1199 3908 1232 3963 ἐκ
1243 3911 1370 3983 Αἰγύπτῳ

193 3997 366 4065 νομοθεσίας
377 3997 471 4068 ἄρξας,
483 4033 516 4040 -
542 3999 724 4055 Alexandriae
740 4004 933 4056 commoratum
942 4002 1032 4068 ibique
1045 4002 1132 4055 doctis
1141 4001 1248 4054 Iudaeis
1257 4000 1370 4053 familia-

192 4086 258 4139 riter
282 4103 360 4156 usum
382 4086 410 4140 in
434 4086 540 4140 litteras
563 4104 655 4140 sacras
682 4087 772 4140 studia
797 4088 973 4142 convertisse.
1010 4087 1154 4142 Praeterea
1180 4088 1370 4142 conferendum

192 4171 272 4226 Hodii
291 4170 396 4238 (contra
413 4173 555 4226 historiam
574 4172 709 4240 Aristeae)
729 4173 872 4228 iudicium:
904 4175 1081 4243 ,potuisse
1100 4175 1139 4228 illi
1158 4192 1194 4229 sc.
1214 4175 1369 4229 Ptolemaeo

193 4263 330 4315 auctorem
350 4276 425 4324 esse,
453 4260 529 4312 utin
548 4259 711 4314 Graecorum
731 4278 882 4314 sermonem
901 4265 1075 4316 monumenta
1092 4280 1169 4316 sacra
1187 4262 1370 4316 Hebraeorum

194 4348 315 4404 converti
335 4349 363 4400 et
375 4347 404 4399 in
415 4346 578 4400 bibliotheca
597 4347 692 4422 reponi
709 4347 887 4416 praeciperet:
907 4349 955 4401 sed
964 4367 1017 4402 non
1026 4351 1132 4402 tantum
1151 4350 1221 4420 apud
1239 4367 1282 4410 me
1294 4349 1370 4409 valet

194 4434 343 4493 Aristobuli
362 4433 442 4492 istius
461 4433 616 4504 auotoritas,
635 4423 666 4489 ut
683 4434 816 4492 factum
834 4435 861 4492 id
879 4434 965 4493 fuisse
984 4437 1151 4496 concedam.“
