<?xml version="1.0" encoding="UTF-8"?>
<!DOCTYPE html PUBLIC "-//W3C//DTD XHTML 1.0 Transitional//EN"
    "http://www.w3.org/TR/xhtml1/DTD/xhtml1-transitional.dtd">
<html xmlns="http://www.w3.org/1999/xhtml" xml:lang="en" lang="en">
 <head>
  <title>
</title>
<meta http-equiv="Content-Type" content="text/html;charset=utf-8" />
  <meta name='ocr-system' content='tesseract 3.04.00' />
  <meta name='ocr-capabilities' content='ocr_page ocr_carea ocr_par ocr_line ocrx_word'/>
</head>
<body>
  <div class='ocr_page' id='page_1' title='image "./defontibuscleme00schegoog_0114.png"; bbox 0 0 3252 5056; ppageno 0'>
   <div class='ocr_carea' id='block_1_1' title="bbox 9 4387 12 4530">
    <p class='ocr_par' dir='ltr' id='par_1_1' title="bbox 9 4387 12 4530">
     <span class='ocr_line' id='line_1_1' title="bbox 9 4387 10 4406; baseline 0 0"><span class='ocrx_word' id='word_1_1' title='bbox 9 4387 10 4406; x_wconf 77' lang='lat' dir='ltr'>r</span> 
     </span>
     <span class='ocr_line' id='line_1_2' title="bbox 9 4501 12 4530; baseline 0 0"><span class='ocrx_word' id='word_1_2' title='bbox 9 4501 12 4530; x_wconf 85' lang='lat' dir='ltr'>l</span> 
     </span>
    </p>
   </div>
   <div class='ocr_carea' id='block_1_2' title="bbox 745 433 786 498">
    <p class='ocr_par' dir='ltr' id='par_1_2' title="bbox 745 433 786 498">
     <span class='ocr_line' id='line_1_3' title="bbox 745 433 786 498; baseline -0.049 0"><span class='ocrx_word' id='word_1_3' title='bbox 745 433 786 498; x_wconf 85' lang='lat'>49</span> 
     </span>
    </p>
   </div>
   <div class='ocr_carea' id='block_1_3' title="bbox 179 649 1355 952">
    <p class='ocr_par' dir='ltr' id='par_1_3' title="bbox 179 649 1355 952">
     <span class='ocr_line' id='line_1_4' title="bbox 179 649 1355 736; baseline -0.006 -16"><span class='ocrx_word' id='word_1_4' title='bbox 179 656 321 722; x_wconf 71' lang='lat' dir='ltr'>eiurata.</span> <span class='ocrx_word' id='word_1_5' title='bbox 363 654 451 718; x_wconf 89' lang='lat' dir='ltr'>Haeo</span> <span class='ocrx_word' id='word_1_6' title='bbox 478 653 546 734; x_wconf 91' lang='lat' dir='ltr'>ipsa</span> <span class='ocrx_word' id='word_1_7' title='bbox 578 652 713 736; x_wconf 82' lang='lat' dir='ltr'>epistula</span> <span class='ocrx_word' id='word_1_8' title='bbox 745 652 785 717; x_wconf 90' lang='lat' dir='ltr'>ad</span> <span class='ocrx_word' id='word_1_9' title='bbox 815 651 952 717; x_wconf 86' lang='lat' dir='ltr'>eundem</span> <span class='ocrx_word' id='word_1_10' title='bbox 983 649 1075 716; x_wconf 86' lang='lat' dir='ltr'>facile</span> <span class='ocrx_word' id='word_1_11' title='bbox 1108 649 1218 715; x_wconf 86' lang='lat' dir='ltr'>referri</span> <span class='ocrx_word' id='word_1_12' title='bbox 1248 649 1355 732; x_wconf 87' lang='lat' dir='ltr'>potest</span> 
     </span>
     <span class='ocr_line' id='line_1_5' title="bbox 179 758 1354 845; baseline -0.003 -17"><span class='ocrx_word' id='word_1_13' title='bbox 179 764 355 836; x_wconf 84' lang='lat' dir='ltr'>auctorem,</span> <span class='ocrx_word' id='word_1_14' title='bbox 384 761 536 845; x_wconf 84' lang='lat' dir='ltr'>adquam</span> <span class='ocrx_word' id='word_1_15' title='bbox 558 762 669 845; x_wconf 80' lang='lat' dir='ltr'>reliqui</span> <span class='ocrx_word' id='word_1_16' title='bbox 693 761 751 826; x_wconf 88' lang='lat' dir='ltr'>looi</span> <span class='ocrx_word' id='word_1_17' title='bbox 775 762 945 826; x_wconf 85' lang='lat' dir='ltr'>immutata</span> <span class='ocrx_word' id='word_1_18' title='bbox 968 759 1108 825; x_wconf 90' lang='lat' dir='ltr'>oratione</span> <span class='ocrx_word' id='word_1_19' title='bbox 1132 758 1292 841; x_wconf 83' lang='lat' dir='ltr'>explanati</span> <span class='ocrx_word' id='word_1_20' title='bbox 1314 795 1354 804; x_wconf 93' lang='lat'>-</span> 
     </span>
     <span class='ocr_line' id='line_1_6' title="bbox 180 869 1355 952; baseline -0.003 -14"><span class='ocrx_word' id='word_1_21' title='bbox 180 872 399 938; x_wconf 88' lang='lat' dir='ltr'>Aristobulum</span> <span class='ocrx_word' id='word_1_22' title='bbox 422 871 499 937; x_wconf 87' lang='lat' dir='ltr'>dico.</span> <span class='ocrx_word' id='word_1_23' title='bbox 536 871 685 938; x_wconf 89' lang='lat' dir='ltr'>Ceterum</span> <span class='ocrx_word' id='word_1_24' title='bbox 702 890 876 945; x_wconf 75' lang='lat' dir='ltr'>censemus</span> <span class='ocrx_word' id='word_1_25' title='bbox 898 869 1180 952; x_wconf 77' lang='lat' dir='ltr'><strong>interpolationem</strong></span> <span class='ocrx_word' id='word_1_26' title='bbox 1204 874 1276 946; x_wconf 81' lang='lat' dir='ltr'>„nal</span> <span class='ocrx_word' id='word_1_27' title='bbox 1297 873 1355 934; x_wconf 80' lang='grc' dir='ltr'>τοῦ</span> 
     </span>
    </p>
   </div>
   <div class='ocr_carea' id='block_1_4' title="bbox 179 980 1356 1176">
    <p class='ocr_par' dir='ltr' id='par_1_4' title="bbox 179 980 1356 1176">
     <span class='ocr_line' id='line_1_7' title="bbox 179 980 1190 1068; baseline -0.009 -17"><span class='ocrx_word' id='word_1_28' title='bbox 179 984 333 1068; x_wconf 69' lang='grc' dir='ltr'><strong><em>ἡγεμόνος</em></strong></span> <span class='ocrx_word' id='word_1_29' title='bbox 354 988 406 1050; x_wconf 85' lang='grc' dir='ltr'>καὶ</span> <span class='ocrx_word' id='word_1_30' title='bbox 428 985 530 1051; x_wconf 79' lang='grc' dir='ltr'><strong><em>αἰτίαν</em></strong></span> <span class='ocrx_word' id='word_1_31' title='bbox 551 989 700 1066; x_wconf 78' lang='grc' dir='ltr'><strong><em>Πανέρα“</em></strong></span> <span class='ocrx_word' id='word_1_32' title='bbox 724 1001 742 1046; x_wconf 86' lang='lat' dir='ltr'>a</span> <span class='ocrx_word' id='word_1_33' title='bbox 764 981 927 1046; x_wconf 74' lang='lat' dir='ltr'>Clemente</span> <span class='ocrx_word' id='word_1_34' title='bbox 950 980 1090 1047; x_wconf 77' lang='lat' dir='ltr'>additam</span> <span class='ocrx_word' id='word_1_35' title='bbox 1113 999 1190 1044; x_wconf 86' lang='lat' dir='ltr'>esse.</span> 
     </span>
     <span class='ocr_line' id='line_1_8' title="bbox 263 1089 1356 1176; baseline -0.005 -18"><span class='ocrx_word' id='word_1_36' title='bbox 263 1091 370 1158; x_wconf 90' lang='lat' dir='ltr'>Sobrio</span> <span class='ocrx_word' id='word_1_37' title='bbox 390 1092 487 1176; x_wconf 85' lang='lat' dir='ltr'>igitur</span> <span class='ocrx_word' id='word_1_38' title='bbox 507 1090 620 1156; x_wconf 87' lang='lat' dir='ltr'>iudioio</span> <span class='ocrx_word' id='word_1_39' title='bbox 641 1090 720 1156; x_wconf 88' lang='lat' dir='ltr'>illud</span> <span class='ocrx_word' id='word_1_40' title='bbox 742 1092 826 1156; x_wconf 81' lang='lat' dir='ltr'><strong>XIV.</strong></span> <span class='ocrx_word' id='word_1_41' title='bbox 851 1093 947 1174; x_wconf 86' lang='lat' dir='ltr'>eaput</span> <span class='ocrx_word' id='word_1_42' title='bbox 969 1091 1009 1155; x_wconf 88' lang='lat' dir='ltr'>V.</span> <span class='ocrx_word' id='word_1_43' title='bbox 1030 1089 1116 1163; x_wconf 89' lang='lat' dir='ltr'>libri,</span> <span class='ocrx_word' id='word_1_44' title='bbox 1148 1090 1232 1171; x_wconf 89' lang='lat' dir='ltr'>quod</span> <span class='ocrx_word' id='word_1_45' title='bbox 1252 1090 1356 1172; x_wconf 90' lang='lat' dir='ltr'>philo-</span> 
     </span>
    </p>
   </div>
   <div class='ocr_carea' id='block_1_5' title="bbox 121 1199 1356 1286">
    <p class='ocr_par' dir='ltr' id='par_1_5' title="bbox 121 1199 1356 1286">
     <span class='ocr_line' id='line_1_9' title="bbox 121 1199 1356 1286; baseline -0.002 -20"><span class='ocrx_word' id='word_1_46' title='bbox 121 1239 125 1246; x_wconf 90' lang='lat'>·</span> <span class='ocrx_word' id='word_1_47' title='bbox 179 1201 281 1286; x_wconf 79' lang='lat' dir='ltr'>logica</span> <span class='ocrx_word' id='word_1_48' title='bbox 303 1200 475 1267; x_wconf 89' lang='lat' dir='ltr'>Clementis</span> <span class='ocrx_word' id='word_1_49' title='bbox 499 1200 642 1266; x_wconf 84' lang='lat' dir='ltr'>doctrina</span> <span class='ocrx_word' id='word_1_50' title='bbox 664 1200 797 1266; x_wconf 82' lang='lat' dir='ltr'>maxime</span> <span class='ocrx_word' id='word_1_51' title='bbox 822 1201 980 1273; x_wconf 90' lang='lat' dir='ltr'>abundat,</span> <span class='ocrx_word' id='word_1_52' title='bbox 1007 1199 1222 1265; x_wconf 83' lang='lat' dir='ltr'>revocandum</span> <span class='ocrx_word' id='word_1_53' title='bbox 1245 1201 1293 1264; x_wconf 88' lang='lat' dir='ltr'>est</span> <span class='ocrx_word' id='word_1_54' title='bbox 1315 1199 1356 1264; x_wconf 86' lang='lat' dir='ltr'>ad</span> 
     </span>
    </p>
   </div>
   <div class='ocr_carea' id='block_1_6' title="bbox 181 1309 1354 1393">
    <p class='ocr_par' dir='ltr' id='par_1_6' title="bbox 181 1309 1354 1393">
     <span class='ocr_line' id='line_1_10' title="bbox 181 1309 1354 1393; baseline 0 -17"><span class='ocrx_word' id='word_1_55' title='bbox 181 1312 259 1377; x_wconf 88' lang='lat' dir='ltr'>duos</span> <span class='ocrx_word' id='word_1_56' title='bbox 280 1312 384 1377; x_wconf 87' lang='lat' dir='ltr'>fontes</span> <span class='ocrx_word' id='word_1_57' title='bbox 408 1329 573 1391; x_wconf 82' lang='lat' dir='ltr'>-nempe</span> <span class='ocrx_word' id='word_1_58' title='bbox 596 1309 636 1375; x_wconf 93' lang='lat' dir='ltr'>ad</span> <span class='ocrx_word' id='word_1_59' title='bbox 646 1311 865 1375; x_wconf 86' lang='lat' dir='ltr'>Aristobulum</span> <span class='ocrx_word' id='word_1_60' title='bbox 887 1313 982 1393; x_wconf 88' lang='lat' dir='ltr'>atquo</span> <span class='ocrx_word' id='word_1_61' title='bbox 1005 1309 1354 1377; x_wconf 84' lang='lat' dir='ltr'>Pseudo-Hecataeum.</span> 
     </span>
    </p>
   </div>
   <div class='ocr_carea' id='block_1_7' title="bbox 570 1603 969 1610">
    <p class='ocr_par' dir='ltr' id='par_1_7' title="bbox 570 1603 969 1610">
     <span class='ocr_line' id='line_1_11' title="bbox 570 1603 969 1610; baseline 0.005 -2"><span class='ocrx_word' id='word_1_62' title='bbox 570 1603 969 1610; x_wconf 72' lang='lat'><em>——-.————.-</em></span> 
     </span>
    </p>
   </div>
   <div class='ocr_carea' id='block_1_8' title="bbox 718 1895 811 1994">
    <p class='ocr_par' dir='ltr' id='par_1_8' title="bbox 718 1895 811 1994">
     <span class='ocr_line' id='line_1_12' title="bbox 718 1895 811 1994; baseline 0 0"><span class='ocrx_word' id='word_1_63' title='bbox 718 1895 811 1994; x_wconf 85' lang='lat' dir='ltr'>vn.</span> 
     </span>
    </p>
   </div>
   <div class='ocr_carea' id='block_1_9' title="bbox 182 2022 1462 2175">
    <p class='ocr_par' dir='ltr' id='par_1_9' title="bbox 182 2022 1462 2175">
     <span class='ocr_line' id='line_1_13' title="bbox 182 2022 1462 2175; baseline -0.005 -22"><span class='ocrx_word' id='word_1_64' title='bbox 182 2068 459 2153; x_wconf 90' lang='lat' dir='ltr'>Clementem</span> <span class='ocrx_word' id='word_1_65' title='bbox 477 2089 537 2152; x_wconf 88' lang='lat' dir='ltr'>ex</span> <span class='ocrx_word' id='word_1_66' title='bbox 549 2060 774 2154; x_wconf 82' lang='lat' dir='ltr'>narorino</span> <span class='ocrx_word' id='word_1_67' title='bbox 790 2071 994 2155; x_wconf 80' lang='lat' dir='ltr'>hausisse</span> <span class='ocrx_word' id='word_1_68' title='bbox 1013 2070 1254 2175; x_wconf 83' lang='lat' dir='ltr'>probabile</span> <span class='ocrx_word' id='word_1_69' title='bbox 1274 2022 1354 2152; x_wconf 90' lang='lat' dir='ltr'>est.</span> <span class='ocrx_word' id='word_1_70' title='bbox 1460 2169 1462 2173; x_wconf 15' lang='grc' dir='ltr'>Ι</span> 
     </span>
    </p>
   </div>
   <div class='ocr_carea' id='block_1_10' title="bbox 264 2268 1451 2358">
    <p class='ocr_par' dir='ltr' id='par_1_10' title="bbox 264 2268 1451 2358">
     <span class='ocr_line' id='line_1_14' title="bbox 264 2268 1451 2358; baseline -0.002 -20"><span class='ocrx_word' id='word_1_71' title='bbox 264 2275 418 2338; x_wconf 83' lang='lat' dir='ltr'>Ernestus</span> <span class='ocrx_word' id='word_1_72' title='bbox 441 2271 594 2337; x_wconf 88' lang='lat' dir='ltr'>Maassius</span> <span class='ocrx_word' id='word_1_73' title='bbox 620 2272 651 2336; x_wconf 90' lang='lat' dir='ltr'>in</span> <span class='ocrx_word' id='word_1_74' title='bbox 684 2272 939 2355; x_wconf 77' lang='lat' dir='ltr'>„quaestionibus</span> <span class='ocrx_word' id='word_1_75' title='bbox 963 2275 1000 2338; x_wconf 87' lang='lat' dir='ltr'>de</span> <span class='ocrx_word' id='word_1_76' title='bbox 1023 2274 1200 2358; x_wconf 86' lang='lat' dir='ltr'>biographis</span> <span class='ocrx_word' id='word_1_77' title='bbox 1227 2268 1356 2339; x_wconf 84' lang='lat' dir='ltr'>Graeois</span> <span class='ocrx_word' id='word_1_78' title='bbox 1449 2269 1451 2275; x_wconf 75' lang='grc'>’</span> 
     </span>
    </p>
   </div>
   <div class='ocr_carea' id='block_1_11' title="bbox 179 2380 1358 4225">
    <p class='ocr_par' dir='ltr' id='par_1_11' title="bbox 179 2380 1357 2889">
     <span class='ocr_line' id='line_1_15' title="bbox 181 2380 1357 2466; baseline -0.003 -18"><span class='ocrx_word' id='word_1_79' title='bbox 181 2381 327 2448; x_wconf 77' lang='lat' dir='ltr'>selectis‘</span> <span class='ocrx_word' id='word_1_80' title='bbox 343 2383 365 2466; x_wconf 89' lang='lat'>¹)</span> <span class='ocrx_word' id='word_1_81' title='bbox 390 2382 427 2447; x_wconf 89' lang='lat' dir='ltr'>de</span> <span class='ocrx_word' id='word_1_82' title='bbox 450 2382 588 2446; x_wconf 88' lang='lat' dir='ltr'>fontibus</span> <span class='ocrx_word' id='word_1_83' title='bbox 611 2381 760 2466; x_wconf 86' lang='lat' dir='ltr'>Diogenis</span> <span class='ocrx_word' id='word_1_84' title='bbox 782 2383 900 2448; x_wconf 77' lang='lat' dir='ltr'>Laertii</span> <span class='ocrx_word' id='word_1_85' title='bbox 930 2383 1095 2466; x_wconf 88' lang='lat' dir='ltr'>disputans</span> <span class='ocrx_word' id='word_1_86' title='bbox 1124 2403 1161 2449; x_wconf 84' lang='lat' dir='ltr'>ex</span> <span class='ocrx_word' id='word_1_87' title='bbox 1190 2380 1357 2455; x_wconf 83' lang='lat' dir='ltr'>eoncordia</span> 
     </span>
     <span class='ocr_line' id='line_1_16' title="bbox 179 2481 1355 2578; baseline -0.002 -21"><span class='ocrx_word' id='word_1_88' title='bbox 179 2493 263 2557; x_wconf 87' lang='lat' dir='ltr'>inter</span> <span class='ocrx_word' id='word_1_89' title='bbox 284 2493 459 2578; x_wconf 85' lang='lat' dir='ltr'>Diogenem</span> <span class='ocrx_word' id='word_1_90' title='bbox 482 2496 514 2556; x_wconf 91' lang='lat' dir='ltr'>et</span> <span class='ocrx_word' id='word_1_91' title='bbox 536 2492 732 2557; x_wconf 85' lang='lat' dir='ltr'>Clementem</span> <span class='ocrx_word' id='word_1_92' title='bbox 759 2491 791 2556; x_wconf 92' lang='lat' dir='ltr'>in</span> <span class='ocrx_word' id='word_1_93' title='bbox 819 2493 928 2566; x_wconf 90' lang='lat' dir='ltr'>rebus,</span> <span class='ocrx_word' id='word_1_94' title='bbox 959 2481 1038 2576; x_wconf 81' lang='lat' dir='ltr'>quae</span> <span class='ocrx_word' id='word_1_95' title='bbox 1061 2493 1102 2557; x_wconf 87' lang='lat' dir='ltr'>ad</span> <span class='ocrx_word' id='word_1_96' title='bbox 1123 2489 1355 2575; x_wconf 87' lang='lat' dir='ltr'>philosophiam</span> 
     </span>
     <span class='ocr_line' id='line_1_17' title="bbox 180 2599 1357 2688; baseline -0.003 -22"><span class='ocrx_word' id='word_1_97' title='bbox 180 2604 344 2684; x_wconf 83' lang='lat' dir='ltr'>spectant,</span> <span class='ocrx_word' id='word_1_98' title='bbox 374 2601 520 2688; x_wconf 78' lang='lat' dir='ltr'>colligere</span> <span class='ocrx_word' id='word_1_99' title='bbox 543 2601 599 2665; x_wconf 91' lang='lat' dir='ltr'>sibi</span> <span class='ocrx_word' id='word_1_100' title='bbox 619 2601 714 2666; x_wconf 88' lang='lat' dir='ltr'>licere</span> <span class='ocrx_word' id='word_1_101' title='bbox 738 2605 862 2676; x_wconf 78' lang='lat' dir='ltr'>censet,</span> <span class='ocrx_word' id='word_1_102' title='bbox 892 2602 1016 2685; x_wconf 89' lang='lat' dir='ltr'>utrique</span> <span class='ocrx_word' id='word_1_103' title='bbox 1040 2620 1239 2667; x_wconf 85' lang='lat' dir='ltr'>communem</span> <span class='ocrx_word' id='word_1_104' title='bbox 1260 2599 1357 2666; x_wconf 87' lang='lat' dir='ltr'>fuisse</span> 
     </span>
     <span class='ocr_line' id='line_1_18' title="bbox 179 2710 1357 2802; baseline -0.003 -26"><span class='ocrx_word' id='word_1_105' title='bbox 179 2712 319 2787; x_wconf 77' lang='lat' dir='ltr'>fontem,</span> <span class='ocrx_word' id='word_1_106' title='bbox 348 2731 440 2795; x_wconf 89' lang='lat' dir='ltr'>quem</span> <span class='ocrx_word' id='word_1_107' title='bbox 463 2710 608 2776; x_wconf 81' lang='lat' dir='ltr'>Favorini</span> <span class='ocrx_word' id='word_1_108' title='bbox 633 2714 952 2802; x_wconf 77' lang='grc' dir='ltr'><strong><em>ἀπομνημονεύματα</em></strong></span> <span class='ocrx_word' id='word_1_109' title='bbox 982 2715 1014 2778; x_wconf 85' lang='lat' dir='ltr'>et</span> <span class='ocrx_word' id='word_1_110' title='bbox 1038 2712 1254 2798; x_wconf 70' lang='grc' dir='ltr'><strong><em>παντοδαπὴν</em></strong></span> <span class='ocrx_word' id='word_1_111' title='bbox 1276 2711 1357 2799; x_wconf 73' lang='grc' dir='ltr'><strong><em>ὕλην</em></strong></span> 
     </span>
     <span class='ocr_line' id='line_1_19' title="bbox 179 2822 308 2889; baseline 0.016 -2"><span class='ocrx_word' id='word_1_112' title='bbox 179 2822 308 2889; x_wconf 78' lang='lat' dir='ltr'>iudicat.</span> 
     </span>
    </p>

    <p class='ocr_par' dir='ltr' id='par_1_12' title="bbox 183 2929 1357 3234">
     <span class='ocr_line' id='line_1_20' title="bbox 267 2929 1356 3014; baseline -0.003 -18"><span class='ocrx_word' id='word_1_113' title='bbox 267 2933 372 3014; x_wconf 88' lang='lat' dir='ltr'>Atque</span> <span class='ocrx_word' id='word_1_114' title='bbox 406 2929 548 3014; x_wconf 79' lang='lat' dir='ltr'>profecto</span> <span class='ocrx_word' id='word_1_115' title='bbox 583 2949 620 2994; x_wconf 84' lang='lat' dir='ltr'>ex</span> <span class='ocrx_word' id='word_1_116' title='bbox 657 2930 890 3013; x_wconf 80' lang='lat' dir='ltr'>comparatione</span> <span class='ocrx_word' id='word_1_117' title='bbox 928 2931 1011 2996; x_wconf 91' lang='lat' dir='ltr'>inter</span> <span class='ocrx_word' id='word_1_118' title='bbox 1045 2932 1215 2997; x_wconf 91' lang='lat' dir='ltr'>Clementis</span> <span class='ocrx_word' id='word_1_119' title='bbox 1247 2931 1356 2994; x_wconf 91' lang='lat' dir='ltr'>strom.</span> 
     </span>
     <span class='ocr_line' id='line_1_21' title="bbox 183 3039 1357 3126; baseline -0.003 -21"><span class='ocrx_word' id='word_1_120' title='bbox 183 3041 234 3106; x_wconf 87' lang='lat' dir='ltr'>lib.</span> <span class='ocrx_word' id='word_1_121' title='bbox 244 3043 268 3106; x_wconf 90' lang='grc' dir='ltr'>Ι.</span> <span class='ocrx_word' id='word_1_122' title='bbox 279 3060 351 3126; x_wconf 92' lang='lat' dir='ltr'>pag.</span> <span class='ocrx_word' id='word_1_123' title='bbox 362 3045 433 3106; x_wconf 84' lang='grc'><strong>129.</strong></span> <span class='ocrx_word' id='word_1_124' title='bbox 448 3042 480 3105; x_wconf 91' lang='lat' dir='ltr'>et</span> <span class='ocrx_word' id='word_1_125' title='bbox 493 3040 610 3106; x_wconf 80' lang='lat' dir='ltr'>Laertii</span> <span class='ocrx_word' id='word_1_126' title='bbox 622 3039 797 3124; x_wconf 77' lang='lat' dir='ltr'>lib.Vlll.§</span> <span class='ocrx_word' id='word_1_127' title='bbox 817 3048 920 3124; x_wconf 87' lang='lat' dir='ltr'>l.sqq.</span> <span class='ocrx_word' id='word_1_128' title='bbox 934 3043 961 3126; x_wconf 83' lang='grc'>2)</span> <span class='ocrx_word' id='word_1_129' title='bbox 978 3043 1064 3108; x_wconf 88' lang='lat' dir='ltr'>faeta</span> <span class='ocrx_word' id='word_1_130' title='bbox 1080 3040 1224 3126; x_wconf 81' lang='lat' dir='ltr'>intellegi</span> <span class='ocrx_word' id='word_1_131' title='bbox 1241 3041 1357 3123; x_wconf 87' lang='lat' dir='ltr'>potest,</span> 
     </span>
     <span class='ocr_line' id='line_1_22' title="bbox 184 3149 1356 3234; baseline -0.004 -18"><span class='ocrx_word' id='word_1_132' title='bbox 184 3151 433 3216; x_wconf 85' lang='lat' dir='ltr'>Alexandrinum</span> <span class='ocrx_word' id='word_1_133' title='bbox 455 3153 599 3216; x_wconf 88' lang='lat' dir='ltr'>nostrum</span> <span class='ocrx_word' id='word_1_134' title='bbox 621 3151 761 3234; x_wconf 87' lang='lat' dir='ltr'>Diogene</span> <span class='ocrx_word' id='word_1_135' title='bbox 786 3151 910 3216; x_wconf 87' lang='lat' dir='ltr'>uberius</span> <span class='ocrx_word' id='word_1_136' title='bbox 941 3151 1129 3234; x_wconf 83' lang='lat' dir='ltr'>eroerpsisse</span> <span class='ocrx_word' id='word_1_137' title='bbox 1154 3149 1356 3216; x_wconf 80' lang='lat' dir='ltr'>Favorinum.</span> 
     </span>
    </p>

    <p class='ocr_par' dir='ltr' id='par_1_13' title="bbox 182 3259 1358 4014">
     <span class='ocr_line' id='line_1_23' title="bbox 268 3259 1357 3347; baseline -0.004 -21"><span class='ocrx_word' id='word_1_138' title='bbox 268 3260 390 3326; x_wconf 86' lang='lat' dir='ltr'>Plaoita</span> <span class='ocrx_word' id='word_1_139' title='bbox 420 3261 530 3325; x_wconf 88' lang='lat' dir='ltr'>deinde</span> <span class='ocrx_word' id='word_1_140' title='bbox 552 3259 825 3343; x_wconf 88' lang='lat' dir='ltr'>philosophorum,</span> <span class='ocrx_word' id='word_1_141' title='bbox 856 3262 991 3327; x_wconf 85' lang='lat' dir='ltr'>maxime</span> <span class='ocrx_word' id='word_1_142' title='bbox 1020 3262 1143 3347; x_wconf 79' lang='lat' dir='ltr'>sylloge</span> <span class='ocrx_word' id='word_1_143' title='bbox 1172 3260 1357 3345; x_wconf 85' lang='lat' dir='ltr'>dogmatum</span> 
     </span>
     <span class='ocr_line' id='line_1_24' title="bbox 182 3369 1358 3456; baseline -0.002 -20"><span class='ocrx_word' id='word_1_144' title='bbox 182 3369 482 3456; x_wconf 74' lang='lat' dir='ltr'>Pythagoricorum,</span> <span class='ocrx_word' id='word_1_145' title='bbox 513 3370 538 3436; x_wconf 92' lang='lat' dir='ltr'>si</span> <span class='ocrx_word' id='word_1_146' title='bbox 561 3370 759 3436; x_wconf 86' lang='lat' dir='ltr'>Clementem</span> <span class='ocrx_word' id='word_1_147' title='bbox 782 3390 853 3436; x_wconf 87' lang='lat' dir='ltr'>oum</span> <span class='ocrx_word' id='word_1_148' title='bbox 876 3373 1001 3437; x_wconf 79' lang='lat' dir='ltr'>La‘e&#39;rtIo</span> <span class='ocrx_word' id='word_1_149' title='bbox 1031 3375 1063 3436; x_wconf 92' lang='lat' dir='ltr'>et</span> <span class='ocrx_word' id='word_1_150' title='bbox 1086 3369 1258 3454; x_wconf 88' lang='lat' dir='ltr'>Porphyrio</span> <span class='ocrx_word' id='word_1_151' title='bbox 1283 3389 1358 3434; x_wconf 88' lang='lat' dir='ltr'>eon·</span> 
     </span>
     <span class='ocr_line' id='line_1_25' title="bbox 183 3457 1356 3564; baseline -0.004 -17"><span class='ocrx_word' id='word_1_152' title='bbox 183 3483 360 3557; x_wconf 85' lang='lat' dir='ltr'>tulerimus,</span> <span class='ocrx_word' id='word_1_153' title='bbox 376 3481 416 3546; x_wconf 89' lang='lat' dir='ltr'>ad</span> <span class='ocrx_word' id='word_1_154' title='bbox 436 3482 571 3545; x_wconf 87' lang='lat' dir='ltr'>eundem</span> <span class='ocrx_word' id='word_1_155' title='bbox 588 3481 680 3546; x_wconf 79' lang='lat' dir='ltr'>taoile</span> <span class='ocrx_word' id='word_1_156' title='bbox 700 3485 889 3547; x_wconf 83' lang='lat' dir='ltr'>revocantur</span> <span class='ocrx_word' id='word_1_157' title='bbox 905 3481 1037 3556; x_wconf 89' lang='lat' dir='ltr'>fontem,</span> <span class='ocrx_word' id='word_1_158' title='bbox 1060 3498 1152 3564; x_wconf 88' lang='lat' dir='ltr'>quem</span> <span class='ocrx_word' id='word_1_159' title='bbox 1166 3457 1356 3544; x_wconf 72' lang='lat' dir='ltr'>Fauorinum</span> 
     </span>
     <span class='ocr_line' id='line_1_26' title="bbox 183 3588 1356 3677; baseline -0.006 -17"><span class='ocrx_word' id='word_1_160' title='bbox 183 3594 364 3660; x_wconf 87' lang='lat' dir='ltr'>statuimus.</span> <span class='ocrx_word' id='word_1_161' title='bbox 396 3590 519 3657; x_wconf 78' lang='lat' dir='ltr'>Placita</span> <span class='ocrx_word' id='word_1_162' title='bbox 534 3591 836 3677; x_wconf 86' lang='lat' dir='ltr'>veroPythagorioa,</span> <span class='ocrx_word' id='word_1_163' title='bbox 857 3611 937 3674; x_wconf 89' lang='lat' dir='ltr'>quae</span> <span class='ocrx_word' id='word_1_164' title='bbox 954 3590 1100 3656; x_wconf 85' lang='lat' dir='ltr'>Clemens</span> <span class='ocrx_word' id='word_1_165' title='bbox 1118 3590 1203 3654; x_wconf 90' lang='lat' dir='ltr'>solus</span> <span class='ocrx_word' id='word_1_166' title='bbox 1222 3588 1356 3663; x_wconf 83' lang='lat' dir='ltr'>exhibet,</span> 
     </span>
     <span class='ocr_line' id='line_1_27' title="bbox 184 3699 1356 3784; baseline -0.007 -16"><span class='ocrx_word' id='word_1_167' title='bbox 184 3724 260 3769; x_wconf 90' lang='lat' dir='ltr'>num</span> <span class='ocrx_word' id='word_1_168' title='bbox 281 3704 321 3769; x_wconf 89' lang='lat' dir='ltr'>ad</span> <span class='ocrx_word' id='word_1_169' title='bbox 336 3700 522 3769; x_wconf 80' lang='lat' dir='ltr'>Favorinum</span> <span class='ocrx_word' id='word_1_170' title='bbox 544 3701 711 3766; x_wconf 87' lang='lat' dir='ltr'>referenda</span> <span class='ocrx_word' id='word_1_171' title='bbox 734 3701 807 3775; x_wconf 88' lang='lat' dir='ltr'>sint,</span> <span class='ocrx_word' id='word_1_172' title='bbox 830 3719 928 3784; x_wconf 89' lang='lat' dir='ltr'>usque</span> <span class='ocrx_word' id='word_1_173' title='bbox 954 3699 1043 3764; x_wconf 92' lang='lat' dir='ltr'>hodie</span> <span class='ocrx_word' id='word_1_174' title='bbox 1068 3699 1151 3764; x_wconf 88' lang='lat' dir='ltr'>dubii</span> <span class='ocrx_word' id='word_1_175' title='bbox 1173 3699 1356 3771; x_wconf 82' lang='lat' dir='ltr'>haeremus3</span> 
     </span>
     <span class='ocr_line' id='line_1_28' title="bbox 183 3809 1355 3896; baseline -0.005 -18"><span class='ocrx_word' id='word_1_176' title='bbox 183 3814 367 3896; x_wconf 87' lang='lat' dir='ltr'>praesertim</span> <span class='ocrx_word' id='word_1_177' title='bbox 379 3831 452 3876; x_wconf 87' lang='lat' dir='ltr'>oum</span> <span class='ocrx_word' id='word_1_178' title='bbox 468 3811 551 3894; x_wconf 90' lang='lat' dir='ltr'>apud</span> <span class='ocrx_word' id='word_1_179' title='bbox 563 3811 736 3896; x_wconf 91' lang='lat' dir='ltr'>Diogenem</span> <span class='ocrx_word' id='word_1_180' title='bbox 751 3810 878 3893; x_wconf 80' lang='lat' dir='ltr'>originis</span> <span class='ocrx_word' id='word_1_181' title='bbox 892 3809 1043 3874; x_wconf 81' lang='lat' dir='ltr'>indicium</span> <span class='ocrx_word' id='word_1_182' title='bbox 1059 3812 1181 3875; x_wconf 82' lang='lat' dir='ltr'>exstare</span> <span class='ocrx_word' id='word_1_183' title='bbox 1195 3809 1355 3874; x_wconf 90' lang='lat' dir='ltr'>videatur:</span> 
     </span>
     <span class='ocr_line' id='line_1_29' title="bbox 184 3919 1213 4014; baseline -0.007 -23"><span class='ocrx_word' id='word_1_184' title='bbox 184 3929 288 4014; x_wconf 63' lang='grc' dir='ltr'><strong><em>,μησὶ</em></strong></span> <span class='ocrx_word' id='word_1_185' title='bbox 310 3924 338 3990; x_wconf 80' lang='lat' dir='ltr'>b&#39;</span> <span class='ocrx_word' id='word_1_186' title='bbox 360 3925 379 3989; x_wconf 80' lang='lat' dir='ltr'>ri</span> <span class='ocrx_word' id='word_1_187' title='bbox 401 3926 601 4006; x_wconf 77' lang='grc' dir='ltr'><strong><em>Ἀλέξανδρος</em></strong></span> <span class='ocrx_word' id='word_1_188' title='bbox 623 3925 658 3988; x_wconf 77' lang='grc' dir='ltr'>ἐν</span> <span class='ocrx_word' id='word_1_189' title='bbox 679 3933 747 3996; x_wconf 81' lang='grc' dir='ltr'><strong><em>ταῖς</em></strong></span> <span class='ocrx_word' id='word_1_190' title='bbox 771 3925 960 4008; x_wconf 76' lang='grc' dir='ltr'><strong><em>φιλοσόφων</em></strong></span> <span class='ocrx_word' id='word_1_191' title='bbox 982 3919 1213 4004; x_wconf 67' lang='grc' dir='ltr'><strong><em>διαδοχαῑς“3).</em></strong></span> 
     </span>
    </p>

    <p class='ocr_par' dir='ltr' id='par_1_14' title="bbox 184 4026 1358 4225">
     <span class='ocr_line' id='line_1_30' title="bbox 269 4026 1358 4115; baseline -0.008 -17"><span class='ocrx_word' id='word_1_192' title='bbox 269 4031 405 4115; x_wconf 82' lang='lat' dir='ltr'>Orphica</span> <span class='ocrx_word' id='word_1_193' title='bbox 434 4036 465 4098; x_wconf 91' lang='lat' dir='ltr'>et</span> <span class='ocrx_word' id='word_1_194' title='bbox 493 4033 621 4098; x_wconf 81' lang='lat' dir='ltr'>oracula</span> <span class='ocrx_word' id='word_1_195' title='bbox 643 4030 796 4114; x_wconf 75' lang='lat' dir='ltr'>Sibyllina</span> <span class='ocrx_word' id='word_1_196' title='bbox 818 4030 1014 4098; x_wconf 82' lang='lat' dir='ltr'>Clementem</span> <span class='ocrx_word' id='word_1_197' title='bbox 1042 4033 1075 4096; x_wconf 89' lang='lat' dir='ltr'>et</span> <span class='ocrx_word' id='word_1_198' title='bbox 1096 4026 1289 4112; x_wconf 85' lang='lat' dir='ltr'>Hesychium</span> <span class='ocrx_word' id='word_1_199' title='bbox 1320 4045 1358 4091; x_wconf 82' lang='lat' dir='ltr'>er</span> 
     </span>
     <span class='ocr_line' id='line_1_31' title="bbox 184 4137 1297 4225; baseline -0.007 -17"><span class='ocrx_word' id='word_1_200' title='bbox 184 4141 329 4208; x_wconf 83' lang='lat' dir='ltr'>Favorini</span> <span class='ocrx_word' id='word_1_201' title='bbox 351 4142 519 4225; x_wconf 89' lang='lat' dir='ltr'>omnigena</span> <span class='ocrx_word' id='word_1_202' title='bbox 541 4141 670 4207; x_wconf 88' lang='lat' dir='ltr'>historia</span> <span class='ocrx_word' id='word_1_203' title='bbox 692 4141 843 4216; x_wconf 87' lang='lat' dir='ltr'>hausisse,</span> <span class='ocrx_word' id='word_1_204' title='bbox 863 4141 927 4207; x_wconf 92' lang='lat' dir='ltr'>iam</span> <span class='ocrx_word' id='word_1_205' title='bbox 950 4161 1044 4224; x_wconf 88' lang='lat' dir='ltr'>supra</span> <span class='ocrx_word' id='word_1_206' title='bbox 1067 4137 1297 4207; x_wconf 82' lang='lat' dir='ltr'>adnotavimus.</span> 
     </span>
    </p>
   </div>
   <div class='ocr_carea' id='block_1_12' title="bbox 259 4349 511 4419">
    <p class='ocr_par' dir='ltr' id='par_1_15' title="bbox 259 4349 511 4419">
     <span class='ocr_line' id='line_1_32' title="bbox 259 4349 511 4419; baseline -0.012 -13"><span class='ocrx_word' id='word_1_207' title='bbox 259 4351 278 4419; x_wconf 88' lang='lat'>¹)</span> <span class='ocrx_word' id='word_1_208' title='bbox 297 4349 417 4405; x_wconf 90' lang='lat' dir='ltr'>Berolini</span> <span class='ocrx_word' id='word_1_209' title='bbox 436 4350 511 4404; x_wconf 87' lang='grc'>1880.</span> 
     </span>
    </p>
   </div>
   <div class='ocr_carea' id='block_1_13' title="bbox 255 4438 614 4594">
    <p class='ocr_par' dir='ltr' id='par_1_16' title="bbox 255 4438 614 4594">
     <span class='ocr_line' id='line_1_33' title="bbox 257 4438 614 4508; baseline -0.006 -14"><span class='ocrx_word' id='word_1_210' title='bbox 257 4440 277 4506; x_wconf 79' lang='lat'>⁹)</span> <span class='ocrx_word' id='word_1_211' title='bbox 296 4439 337 4494; x_wconf 90' lang='lat' dir='ltr'>De</span> <span class='ocrx_word' id='word_1_212' title='bbox 354 4438 529 4508; x_wconf 85' lang='lat' dir='ltr'>Pythagorae</span> <span class='ocrx_word' id='word_1_213' title='bbox 548 4439 614 4492; x_wconf 84' lang='lat' dir='ltr'>vita.</span> 
     </span>
     <span class='ocr_line' id='line_1_34' title="bbox 255 4523 588 4594; baseline -0.003 -14"><span class='ocrx_word' id='word_1_214' title='bbox 255 4527 276 4594; x_wconf 81' lang='lat'>³)</span> <span class='ocrx_word' id='word_1_215' title='bbox 294 4527 372 4594; x_wconf 85' lang='lat' dir='ltr'>Diog.</span> <span class='ocrx_word' id='word_1_216' title='bbox 391 4526 465 4579; x_wconf 87' lang='lat' dir='ltr'><strong>VIII.</strong></span> <span class='ocrx_word' id='word_1_217' title='bbox 485 4525 526 4590; x_wconf 82' lang='lat'>24,</span> <span class='ocrx_word' id='word_1_218' title='bbox 546 4523 588 4579; x_wconf 84' lang='lat'>36.</span> 
     </span>
    </p>
   </div>
   <div class='ocr_carea' id='block_1_14' title="bbox 0 0 1633 5056">
    <p class='ocr_par' dir='ltr' id='par_1_17' title="bbox 0 0 1633 5056">
     <span class='ocr_line' id='line_1_35' title="bbox 0 0 1633 5056; baseline 0 0"><span class='ocrx_word' id='word_1_219' title='bbox 0 0 1633 5056; x_wconf 95' lang='lat' dir='ltr'> </span> 
     </span>
    </p>
   </div>
  </div>
 </body>
</html>
