3252 5056
839 367 878 430 12

269 584 344 660 ante
356 585 412 650 Ch.
428 605 459 653 n.
472 585 596 650 saeculo
613 585 772 667 depositae
787 588 877 651 erant
891 583 1031 668 inprimis
1042 581 1181 648 Philonis
1197 601 1273 647 cura
1291 583 1324 647 et
1338 600 1446 665 opera,

268 693 321 776 qui
342 695 419 760 duos
442 713 602 760 sacrorum
622 695 713 772 ritus,
734 696 923 761 Iudaeorum
946 695 1013 759 dico
1037 694 1070 758 et
1083 693 1286 767 Graecorum,
1309 691 1362 776 qui
1382 691 1447 757 illis

268 803 461 885 temporibus
484 804 542 870 soli
565 805 631 871 toto
655 807 720 870 fere
736 807 809 871 orbe
824 808 980 872 terrarum
1000 804 1225 870 exercebantur
1242 803 1445 868 colebantur·

269 931 340 994 que,
362 913 394 978 in
417 933 517 979 unum
540 915 731 981 confundere
751 935 949 997 summopere
972 913 1165 981 enitebatur:
1195 913 1278 996 quod
1299 915 1337 978 ut
1358 932 1446 978 esse·

269 1025 438 1106 queretur,
487 1023 588 1091 missis
623 1025 840 1092 controuersiis
873 1025 1047 1108 opiniones
1069 1024 1285 1090 Hebraeorum
1324 1022 1446 1090 divinas

269 1133 438 1200 immutata
470 1134 611 1200 oratione
640 1134 805 1221 allegorice
838 1136 1066 1218 interpretatus
1097 1137 1252 1201 Graecam
1284 1136 1444 1218 quandam

273 1243 417 1310 Iudaicae
440 1244 599 1332 religionis
622 1245 813 1331 elegantiam
837 1245 961 1328 scriptis
983 1246 1046 1311 suis
1069 1244 1230 1312 affectavit
1244 1245 1276 1324 ¹).

355 1356 443 1420 Haec
464 1353 561 1442 igitur
583 1355 699 1431 omnia,
722 1374 927 1439 quaecunque
950 1356 1053 1421 adhuc
1075 1356 1112 1420 de
1136 1354 1307 1421 Clementis
1332 1355 1447 1432 „furtis

273 1463 457 1529 litterariis“
472 1464 709 1547 disputavimus,
724 1464 750 1530 si
762 1465 879 1530 iterum
896 1468 990 1549 atque
1005 1466 1121 1531 iterum
1137 1463 1448 1540 consideraverimus,

271 1573 471 1640 temerariam
504 1594 599 1658 quam
630 1574 656 1640 si
686 1575 754 1658 quis
788 1575 899 1640 tulerit
930 1575 1121 1641 sententiam
1151 1574 1282 1640 candide
1311 1574 1448 1660 corriget

272 1703 373 1766 neque
403 1704 474 1749 eum
505 1684 640 1768 iniquius
673 1683 852 1751 diiudicabit
882 1705 977 1768 quam
1004 1684 1082 1750 ahos
1109 1685 1235 1750 illorum
1266 1686 1448 1766 temporum

273 1794 457 1876 scriptores,
486 1795 539 1878 qui
565 1795 598 1858 in
626 1794 708 1860 idem
731 1795 841 1860 vitium
863 1793 1052 1860 inciderunt.
1097 1795 1147 1860 lta
1170 1795 1202 1859 et
1222 1793 1288 1876 ipse
1310 1793 1448 1859 Valcke-

274 1903 381 1969 narius
404 1905 575 1971 Clementis
598 1905 851 1988 compilationem
876 1904 1036 1970 excusavit
1063 1905 1084 1987 ).

357 2014 465 2081 Unum
482 2016 613 2100 denique
627 2018 727 2082 restat
747 2015 836 2080 nobis
844 2016 1041 2082 Clementem
1056 2034 1074 2079 a
1089 2013 1227 2079 leuitatis
1240 2013 1272 2077 in
1286 2012 1449 2078 scribendo

272 2125 367 2206 atquc
386 2127 565 2216 ,,άκρισίας“
586 2125 714 2190 crimine
731 2125 812 2190 tueri
835 2145 873 2190 ac
893 2125 1077 2191 defendere:
1101 2123 1233 2190 obicitur
1256 2122 1338 2188 euim
1355 2141 1450 2198 „eru-

274 2233 424 2299 ditissimo
452 2235 536 2316 patri
567 2237 599 2300 et
629 2236 765 2321 genuino
797 2235 860 2301 stili
892 2236 1034 2302 Platonis
1067 2233 1239 2299 imitatori“
1276 2231 1451 2318 nugacibus

274 2343 506 2427 subditiciisque
537 2348 602 2411 tam
634 2345 765 2411 aliorum
796 2346 995 2411 falsariorum
1024 2365 1119 2429 quam
1143 2343 1315 2408 Aristobuli
1336 2341 1452 2407 libellis

274 2472 345 2519 eum
369 2473 436 2519 esse
461 2455 639 2538 deceptum.
685 2457 790 2531 „Prae
813 2455 956 2520 omuibus
978 2455 1175 2521 Clementem
1198 2451 1450 2518 Alexandrinum

273 2562 380 2628 mirari
403 2583 446 2640 se,
469 2565 514 2630 ait
530 2565 756 2631 Valckenarius
769 2567 805 2650 ³),
829 2566 1077 2632 Christianorum
1094 2568 1223 2647 patrum
1240 2563 1306 2629 sine
1323 2565 1452 2628 contro-

273 2672 374 2739 versia
404 2676 497 2761 longe
528 2676 791 2751 eruditissimum,
825 2676 883 2740 nisi
914 2676 964 2740 hic
994 2676 1089 2741 etiam
1119 2677 1283 2757 tamquam
1311 2673 1453 2758 genuina

273 2785 488 2850 Hebraeorum
520 2790 630 2852 vatum
668 2789 701 2852 et
734 2787 949 2869 apostolorum
986 2785 1119 2868 scripta,
1159 2801 1296 2869 nugaces
1327 2783 1452 2848 libellos

274 2895 435 2959 laudasset
467 2875 568 2978 neque
604 2896 696 2961 nimis
729 2895 897 2972 „historiae
931 2893 1226 2978 commenticiae“⁴)
1259 2891 1453 2969 credidisset,

274 3003 383 3068 eodem
412 3005 549 3070 secundo
584 3007 709 3071 saeculo
745 3025 805 3089 quo
842 3006 964 3070 nullum
998 3005 1059 3070 fuit
1091 3005 1273 3070 istharunce
1303 3003 1453 3068 fraudum

275 3112 409 3189 feracius
431 3113 547 3196 partim
571 3135 589 3180 a
611 3115 734 3180 ludaeis
756 3115 872 3198 partim
895 3116 934 3180 ab
957 3114 1132 3180 hominibus
1147 3113 1332 3180 Christianis
1347 3111 1454 3178 nobile

275 3241 390 3288 nomen
413 3223 554 3290 mentitis
577 3207 760 3294 conflatoss“

277 3353 399 3361 -———.

349 3403 368 3471 ¹)
387 3405 434 3459 cfr.
460 3405 490 3459 P.
515 3406 548 3459 V.
573 3404 709 3459 Schmidt:
748 3404 885 3470 Quomodo
911 3404 1013 3458 ultimis
1038 3423 1061 3458 a.
1088 3405 1135 3458 Ch.
1161 3404 1278 3458 saeculis
1302 3403 1457 3458 Iudaismus

276 3490 433 3558 paganismo
454 3492 590 3546 coaluerit.
627 3493 741 3562 Lipsiae.
762 3493 837 3546 1885.

348 3577 368 3646 ¹)
387 3578 404 3632 l.
423 3578 440 3632 l.
459 3596 484 3647 p.
505 3580 552 3634 72:
591 3581 758 3650 ,Descripsit
776 3583 804 3634 et
822 3599 857 3634 ex
876 3581 937 3636 aliis
954 3580 1054 3634 libellis
1072 3598 1126 3634 non
1143 3598 1236 3649 pauca,
1262 3597 1375 3648 quorum
1394 3597 1457 3632 auc

276 3667 350 3719 tores
374 3685 408 3720 ne
432 3668 553 3722 nominat
577 3669 693 3737 quidem.
730 3669 862 3723 Veritatis
881 3686 975 3722 amans
993 3668 1061 3721 haec
1079 3667 1178 3732 scribo,
1202 3684 1253 3720 nec
1270 3666 1377 3720 omnino
1397 3665 1457 3719 Cle-

276 3754 376 3808 mentis
395 3754 567 3824 vituperandi
590 3755 691 3823 gratia,
717 3773 797 3824 quem
822 3773 871 3809 suo
896 3755 992 3808 merito
1010 3754 1080 3808 facio
1104 3771 1169 3808 sane
1193 3753 1312 3806 maximi.
1348 3752 1458 3806 Fecerit
1479 3784 1484 3790 -

277 3841 329 3895 hoc
339 3842 477 3898 Clemens:
496 3845 621 3898 iecerunt
639 3845 685 3898 alii
703 3845 769 3898 item
787 3845 857 3899 boni.
887 3845 948 3914 lpse
959 3843 1051 3897 Cicero
1070 3843 1171 3896 multos
1181 3844 1304 3896 veterum
1314 3841 1457 3909 poetarum

277 3930 351 3983 locos
369 3930 490 3999 aliosque
514 3950 568 3985 non
592 3949 693 4001 paucos
711 3932 822 3986 Latinos
847 3932 914 3986 fecit
938 3950 953 3985 e
974 3931 1119 4000 Chrysippi
1145 3927 1351 4002 commentariis.
1388 3925 1458 3991 Quis

278 4017 434 4072 Ciceronem
458 4021 602 4088 propterea
627 4017 748 4088 culparet
773 4021 820 4071 aut
843 4019 868 4072 si
893 4018 937 4072 vel
962 4019 1137 4087 superessent
1160 4015 1305 4086 Chrysippi
1328 4014 1456 4067 librorum

278 4104 388 4172 aliquot,
408 4105 469 4174 quis
487 4125 541 4162 non
560 4106 653 4160 eadem
663 4105 760 4159 Latina
777 4106 851 4160 iacta
868 4106 959 4173 legere
977 4104 1071 4158 mallet
1085 4103 1239 4157 aCicerone
1257 4120 1338 4170 quarn
1351 4100 1457 4155 Graeca

279 4191 415 4259 requirere
435 4193 467 4246 de
487 4193 633 4263 Chrysippi
651 4193 726 4247 libris
736 4193 765 4247 ‘?“

351 4277 372 4347 ³)
391 4279 407 4332 l.
426 4279 443 4333 l.
462 4297 523 4349 pag.
544 4281 567 4335 7.

351 4363 371 4432 ⁴)
391 4365 438 4420 cfr.
447 4367 579 4422 Hercheri
593 4367 678 4437 praef.
688 4366 773 4420 libelli
787 4367 819 4420 de
829 4365 922 4420 fluviis
935 4367 964 4418 et
977 4365 1183 4419 commentarios
1193 4364 1222 4416 in
1231 4378 1317 4416 novas
1326 4360 1458 4416 historias

278 4453 428 4508 Ptolemaei
448 4455 566 4523 Chenni;
591 4455 659 4511 add:
679 4454 711 4511 N.
731 4454 755 4509 J.
775 4453 793 4510 i.
813 4452 883 4507 Phil.
903 4452 993 4524 Suppl.
1013 4452 1045 4507 N.
1064 4451 1093 4508 F.
1113 4453 1133 4506 1.
1154 4451 1229 4505 1855.
1248 4466 1308 4521 pag.
1327 4447 1374 4501 161
1395 4463 1457 4520 sqq.
