3252 5056
758 339 800 406 lb

669 431 878 442 .--—-.--

273 554 491 640 „Philadelphi
513 558 619 624 aetate
642 557 800 624 claruerat
822 555 1043 632 Callimachus,
1066 555 1155 622 cuins
1177 561 1268 622 erant
1291 555 1364 622 hri·

188 665 303 730 stobnli
329 685 405 732 aevo
434 669 530 752 atque
557 667 590 732 in
621 667 694 734 aula
717 665 939 734 Philometorie
962 664 1171 732 Alexandriae
1199 664 1364 732 notissima

189 775 347 856 poemata.
387 777 461 843 Non
485 777 577 843 hniue
597 776 716 860 itaque,
739 777 793 844 sed
816 776 904 843 cuius
926 775 1043 858 scripta
1065 793 1219 859 nusquam
1242 774 1363 842 inveni-

189 884 334 961 ebantur,
356 885 427 952 Lini
449 905 561 952 nomen
586 887 749 954 fraudibus
771 875 967 954 erat'ludaei
990 884 1221 952 commodum.“

273 995 428 1061 Addenda
452 996 585 1081 denique
608 998 657 1062 est
678 995 896 1082 magisacuta
918 1015 1012 1080 quam
1037 994 1206 1078 probabilis
1227 996 1364 1061 Valcke-

185 1102 267 1170 narii
298 1103 479 1171 coniectura
492 1105 537 1190 ¹),
569 1104 637 1191 qui,
668 1125 740 1172 cum
767 1103 998 1172 sententiarum
1029 1103 1104 1170 ordo
1135 1103 1364 1172 inclementis

184 1211 272 1280 libris
294 1213 341 1280 his
359 1214 497 1282 versibus
525 1215 794 1300 interrumpatur,
825 1233 877 1280 eos
909 1213 941 1280 in
966 1218 1063 1298 caput
1083 1215 1168 1282 XVI.
1190 1214 1261 1280 libri
1284 1215 1364 1281 sexti

187 1325 359 1390 translatos
388 1325 528 1401 mavult3
560 1344 596 1392 eo
625 1325 709 1392 onim
738 1327 807 1391 loco
828 1323 974 1391 Clemens
997 1325 1105 1390 noster
1126 1324 1301 1391 uberiorem
1325 1326 1363 1390 de

191 1433 331 1499 numeris
353 1434 530 1501 doctrinam
553 1435 687 1501 exhibet.
731 1433 849 1520 Contra
873 1432 1033 1518 disputare
1054 1433 1147 1512 licet,
1175 1437 1213 1500 ut
1233 1453 1279 1511 eo,
1302 1454 1364 1519 quo

186 1560 272 1608 nunc
296 1546 434 1623 exstant,
457 1545 525 1610 loco
549 1545 676 1611 omnino
699 1563 761 1610 non
785 1545 978 1609 cohaereant
999 1541 1205 1622 convicinis,
1227 1545 1273 1612 ita
1293 1545 1364 1611 illos

186 1652 227 1717 ab
248 1653 414 1721 verborum
438 1658 470 1721 ct
491 1653 588 1738 ipsius
604 1653 683 1720 sexti
696 1651 767 1720 libri
790 1653 1028 1720 continuatione
1043 1673 1170 1738 prorsus
1185 1656 1362 1722 abhorrere.

185 1762 252 1828 Nos
283 1763 408 1845 quidem
438 1766 603 1849 opinamur
625 1762 838 1831 Alexandrino
867 1766 992 1839 nostro,
1025 1783 1139 1848 nempe
1167 1765 1364 1848 compilatori

189 1871 351 1956 eidemque
375 1873 537 1941 doctrinae
553 1873 709 1950 iactatori,
733 1874 926 1941 Graecorum
950 1875 1103 1966 „supeant
1124 1876 1257 1966 ἡμέρως
1279 1877 1362 1942 unde

188 1981 351 2064 protectus
394 1985 518 2068 erate),
556 1987 767 2069 opportunam
812 2001 922 2048 ansam
966 1983 1101 2060 dedisse,
1146 1983 1364 2052 Aristobnleoe

187 2109 312 2176 quoqne
342 2093 379 2160 de
410 2094 539 2160 sabbato
567 2113 674 2160 versus
703 2096 800 2159 testes
830 2091 998 2158 excitandi.
1043 2091 1190 2160 Ceterum
1220 2095 1361 2162 animad-

186 2203 375 2268 vertendum
398 2201 460 2280 est,
487 2203 684 2270 Clementem
706 2202 822 2268 iterum
844 2221 881 2267 ac
903 2202 1027 2286 saepius
1056 2204 1117 2281 „ad
1138 2205 1361 2274 ostentandam

186 2311 382 2379 doctrinam“
426 2313 654 2380 sententiarum
692 2332 808 2379 nexum
845 2315 940 2397 atque
984 2311 1095 2379 seriem
1130 2297 1361 2399 interrumpere

185 2439 391 2488 consueursse.

261 2664 280 2733 ¹)
300 2665 354 2720 l.¹'l.
373 2663 471 2720 Omnia
489 2683 558 2734 quae
576 2665 704 2734 leguntur
728 2683 789 2736 pag.
809 2665 867 2719 713.
904 2661 998 2726 „o'tlri
1016 2661 1062 2715 καὶ
1079 2663 1195 2732 Ἑβραῖοι
1219 2681 1305 2734 usque
1328 2664 1362 2734 ad

186 2752 271 2807 verba
289 2751 318 2802 τί
334 2749 385 2814 di,-
407 2750 495 2820 οι’χί“
513 2770 567 2807 non
586 2753 695 2822 quidem
714 2751 835 2807 eicienda
852 2754 966 2818 etenim,
985 2753 1033 2806 sed
1051 2751 1128 2806 obelo
1146 2751 1272 2818 notanda,
1291 2751 1363 2820 quod

185 2838 289 2892 nullum
308 2839 362 2894 ista
380 2855 481 2894 nexum
499 2839 601 2894 habent
618 2859 669 2894 nec
687 2858 748 2895 cnm
760 2838 859 2893 vicinis
877 2845 965 2909 heque
984 2840 1050 2895 adeo
1068 2833 1141 2894 inter
1158 2856 1188 2893 se
1207 2837 1361 2893 cohaerent.

256 2925 276 2994 Ι)
295 2926 312 2982 l.
322 2927 340 2981 l.
354 2943 416 2997 pag.
426 2927 491 2982 712:
511 2925 581 2990 ,μήν
599 2944 628 2980 τε
646 2923 782 2994 κυριακῆν
793 2923 903 2996 ἡμέραν
922 2922 954 2977 ἐν
972 2930 1008 2998 τῷ
1027 2926 1141 2998 d'eno‘up
1158 2929 1205 2990 τῆς
1223 2925 1362 2982 πολιτείας

183 3013 199 3064 o‘
218 3013 361 3066 Πλάτων
384 3012 435 3066 dea*
458 3015 562 3067 τούτων
579 3014 834 3084 καταμαντεύεται·
857 3007 983 3078 ,,ε’πειδή
1001 3010 1038 3066 dt
1056 3017 1113 3072 τοῖς
1136 3008 1169 3067 ἐν
1187 3017 1224 3086 τῷ
1243 3013 1360 3084 λειμῶνι

184 3098 313 3158 ἑκάστοις
331 3099 402 3154 duret*
419 3100 521 3171 ἡμέραι
540 3099 677 3170 γένοιντο,
698 3100 917 3164 demordemus,
939 3097 1075 3154 ἐντεῦθεν
1093 3100 1131 3168 δή
1154 3104 1191 3169 τῇ
1211 3099 1302 3169 o’ydo'
1308 3100 1360 3171 31⁸²)

187 3185 370 3256 πορεύεσθαι,
392 3187 438 3240 καὶ
456 3187 644 3256 depauperatos
661 3187 867 3258 τεταρταίους.“

291 3276 317 3345 *)
335 3277 486 3332 Secundum
503 3278 675 3347 allegoricam
688 3277 836 3332 Clementis
848 3277 1103 3348 interpretationem
1119 3273 1231 3343 ,ὀγδόη
1248 3269 1361 3344 ἡμέροίῑ

334 3364 406 3419 idem
425 3365 564 3434 significat
581 3366 651 3435 quod
671 3365 885 3420 Christianorum
906 3365 980 3432 ,dies
997 3363 1162 3422 Dominiea.‘
