3252 5056
838 729 887 826 V.

412 889 659 974 Clementis
685 910 903 972 excursus
931 887 984 969 de
1011 886 1205 988 septimo
1234 865 1320 967 die

277 1204 349 1250 cum
370 1185 543 1250 invitus-
560 1203 598 1248 ne
623 1184 725 1249 dicam
747 1183 1052 1250 inconsideratus-
1070 1182 1110 1246 ad
1132 1183 1321 1246 ludaeorum
1344 1180 1482 1246 laudes

278 1294 451 1370 delabitur·
467 1295 566 1360 talem
583 1296 796 1375 opportunum
811 1291 940 1357 locum
932 1291 1109 1357 invenimus
1123 1290 1153 1354 in
1169 1293 1278 1357 strom.
1291 1288 1345 1354 lib.
1353 1292 1406 1364 V,
1422 1293 1480 1354 14.

276 1425 348 1490 pag.
366 1409 449 1480 713,
472 1402 525 1468 ubi
547 1421 603 1469 suo
625 1421 712 1467 more
735 1403 877 1468 evincere
899 1401 1016 1478 studet,
992 1401 1231 1468 tGraecorunr
1253 1399 1480 1483 philosophos

279 1516 465 1598 „ddyparn“
490 1532 526 1578 ex
546 1513 762 1578 Hebraeorum
781 1510 867 1576 libris
889 1509 1126 1594 deprompsisse.
1165 1509 1336 1578 Occasione
1358 1509 1478 1596 igitur

279 1624 396 1698 oblata,
421 1623 458 1688 de
475 1640 562 1688 sacro
578 1621 754 1704 septenario
770 1639 900 1686 numero
922 1619 1096 1702 disputans,
1120 1619 1295 1694 contendit,
1318 1621 1477 1686 Graecos

279 1734 363 1816 ipsos
386 1732 466 1797 diem
490 1731 659 1815 septimum
678 1731 823 1817 religiose
838 1729 970 1795 coluisse
989 1769 1024 1777 —
1042 1749 1233 1813 quamquam
1249 1730 1344 1811 paulo
1361 1748 1476 1812 supra
1596 1813 1599 1822 .

281 1844 413 1910 eandem
438 1841 631 1907 sententiam
655 1840 692 1906 de
716 1840 763 1904 die
787 1847 896 1907 octono
918 1840 1042 1904 tutatus
1065 1839 1145 1904 erat.

340 1075 490 1140 Manifest
492 1075 662 1140 oClemens
674 1073 879 1157 deprehendit
880 1093 928 1149 ur,
866 1074 1020 1139 tunde
1032 1093 1088 1138 sua
1103 1073 1272 1156 argument
1258 1071 1482 1142 tabauserit‚
1600 1003 1605 1144 ί,

1604 1224 1606 1303 i

1604 1414 1606 1469 l

367 1951 485 2034 Quibus
516 1951 618 2037 igitur
646 1950 748 2016 causis
778 1949 924 2014 Clemens
956 1946 1110 2032 adigitur,
1147 1950 1184 2013 ut
1217 1951 1318 2016 codem
1353 1948 1473 2032 capite

282 2063 428 2128 octavum
458 2083 495 2128 ac
523 2063 659 2145 proinde
688 2058 857 2142 septimum
881 2057 962 2122 diem
986 2059 1179 2124 -octavus
1207 2078 1320 2143 nempe
1350 2060 1471 2124 diesa

279 2170 462 2238 Christianis
484 2189 571 2235 sacer
595 2170 739 2244 habetur,
763 2167 915 2248 septimus
938 2169 977 2232 ab
992 2167 1143 2232 Hebraeis
1158 2206 1198 2215 -
1213 2170 1297 2251 apud
1319 2171 1470 2236 Graecos

279 2280 430 2347 celebrari
453 2280 649 2345 contendat?
696 2277 907 2360 suspicemur,
930 2281 1035 2344 totum
1058 2281 1162 2344 locum
1185 2278 1359 2361 repperisse
1383 2299 1467 2344 eum

278 2389 482 2456 indoctrina
512 2389 548 2454 de
579 2387 716 2454 numeris
745 2388 931 2471 symbolica,
966 2409 1060 2472 quam
1090 2388 1226 2454 Iudaeus
1260 2389 1387 2473 quidam
1420 2389 1465 2456 ad

279 2501 409 2567 sabbata
447 2499 644 2565 defendenda
679 2499 911 2581 composuerat;
957 2500 1052 2582 atque
1085 2499 1226 2581 profecto
1262 2501 1465 2582 temporibus

277 2612 351 2695 ipsis
379 2610 442 2676 illis
471 2629 593 2675 summo
624 2610 715 2674 eraut
737 2608 865 2676 Graecis
892 2609 988 2690 atque
1011 2608 1160 2674 Romanis
1182 2608 1315 2674 ludibrio
1338 2610 1463 2685 ludaei,

278 2723 361 2806 quod
382 2723 449 2786 tam
470 2719 613 2804 religiose
635 2719 729 2784 ferias
752 2720 889 2804 agebant
902 2720 938 2801 ¹).

367 2833 415 2897 Ae
436 2831 572 2914 primum
595 2829 721 2913 quidem
742 2827 839 2911 ipsius
861 2828 1031 2894 Clementis
1054 2828 1148 2894 verba
1171 2828 1354 2900 audiemus:

328 2986 401 3053 pag.
427 2969 497 3032 713.
521 2967 622 3042 „dlld
644 2971 693 3032 καὶ
724 2965 783 3055 τήν
811 2965 952 3054 ἑβδόμην
977 2965 1099 3053 ἡμέραν
1127 2966 1217 3054 ἱερᾶν
1244 2964 1283 3032 ori
1302 2967 1405 3050 μόνον
1428 2969 1459 3033 οἱ

364 3078 509 3162 Ἑβραῖοι,
532 3077 613 3142 ἀλλά
633 3080 685 3143 καὶ
707 3077 737 3142 oi
749 3074 937 3165 ‘'Etlrposc’
923 3092 1024 3142 ισαοι
1054 3074 1130 3141 καθ’
1151 3076 1191 3164 ὴν
1213 3075 1232 3140 o‘
1251 3082 1315 3150 πᾶς
1335 3079 1459 3161 κόσμος

306 3250 314 3262 ,
365 3192 527 3254 κυκλεῖται
542 3191 607 3251 τῶν
626 3191 893 3270 §wopovoopae‘oroo
908 3190 958 3252 nori
979 3192 1149 3271 φυομένων
1165 3184 1327 3252 dadonem
1349 3186 1457 3254 Ἡσίο-

364 3301 417 3372 δος
440 3299 517 3382 περὶ
539 3293 634 3384 αὐτῆς
656 3299 755 3379 λέγει·

328 3412 483 3491 ,,πρῶτον
504 3405 558 3494 ἔνη
582 3406 725 3491 τετράς
747 3427 782 3470 ce
805 3409 855 3471 καὶ
878 3405 1087 3490 εἰβδομον
1076 3406 1163 3489 recob
1184 3397 1283 3494 ἦμαρ·

406 3521 458 3582 καὶ
479 3517 587 3582 πάλιν.

324 3627 524 3714 ἑβδομάτῃ
549 3627 577 3689 δ’
598 3615 694 3699 αὖθις
716 3627 871 3709 λαμπρόν
893 3626 973 3711 prior
997 3624 1110 3714 rp'lioro.

355 3865 374 3932 ¹)
393 3865 424 3918 ld
444 3863 628 3932 intellegimus
645 3864 690 3918 vel
715 3882 750 3918 ex
775 3865 842 3935 ipsis
864 3865 1020 3920 Horatianis
1041 3865 1201 3932 „tricesimis
1220 3866 1368 3930 sabbatis“;
1387 3863 1459 3932 Aga-

282 3951 439 4005 tharchides
457 3967 499 4020 ap.
518 3951 571 4004 Ios.
591 3953 685 4004 eontra
702 3950 798 4021 Apion.
817 3953 838 4017 Ι,
856 3952 896 4006 22.
925 3952 1027 4006 Seneca
1045 3953 1115 4023 apud
1128 3952 1311 4021 Augustinum
1330 3952 1362 4006 de
1382 3951 1457 4007 civit.

280 4038 332 4091 Dei
350 4038 396 4103 VI,
417 4038 457 4092 11.
494 4036 631 4091 Iuvenalis
652 4037 684 4091 14
691 4057 698 4102 ;
720 4038 778 4103 106,
796 4038 860 4093 107:

494 4124 630 4194 „Septima
648 4141 772 4193 quaeque
791 4126 848 4182 dies
867 4127 940 4196 turpi
959 4128 1085 4181 damnata
1102 4129 1223 4194 veterno,

510 4211 657 4281 Tamquam
685 4211 781 4266 lassati
796 4212 898 4268 'mollis
924 4213 1012 4281 imago
1037 4213 1111 4266 ueif

280 4298 342 4353 Tac.
362 4297 433 4352 Hist.
452 4298 491 4364 V,
510 4299 535 4353 4.
573 4298 652 4353 Cato:
672 4299 703 4353 lt.
722 4299 754 4354 R.
775 4299 838 4353 138:
873 4301 972 4366 „boves
989 4299 1066 4354 feriis
1086 4299 1247 4372 coniungere
1266 4301 1343 4366 lieet,
1368 4300 1458 4367 mulis,

281 4385 366 4457 equis,
388 4385 574 4442 semismnae
592 4385 682 4444 mallee
701 4388 788 4445 sunau
